2008 2735
605 182 723 233 »ἒς-ἓξ
756 177 770 236 )
799 194 830 221 0
867 182 881 230 (
916 180 1033 231 &lffssw
1431 200 1462 234 9

767 290 870 350 III.

192 401 463 467 Euolutio
505 398 820 478 generalior
864 398 1241 457 formularum
1303 419 1461 461 com-

260 487 537 570 parationi
581 502 884 542 cumarum
937 483 1385 557 inkrnienfinm,

411 619 598 682 Αιιᾶ.
643 619 714 680 L.
763 620 975 681 Eulero
1016 641 1077 702 p.
1124 641 1221 699 42.

179 790 387 906 'Insignia
418 801 508 842 sunt
542 809 582 841 et
614 802 724 842 miro
757 811 852 840 cum
889 800 1041 852 ingenii
1077 801 1264 843 acumine
1293 801 1462 854 excogi-

269 878 345 908 tata
369 899 380 919 ,
419 878 520 920 quae
555 865 620 905 111.
654 865 805 906 Comes
838 864 1041 916 Fagnanus
1076 866 1122 905 de
1157 868 1462 919 comparatione

184 943 351 973 arcuum
401 941 550 969 curu-ae
601 927 854 968 lemniscatam
905 927 1048 967 elicuit
1077 959 1089 979 ‚
1147 942 1328 983 quaeque
1380 943 1460 970 non

185 995 337 1035 minori
372 994 580 1045 sagacitate
613 993 717 1032 circa
753 1003 867 1031 arcus
900 990 1100 1047 ellipticos
1163 1003 1283 1048 atque
1332 994 1461 1034 etiam

185 1057 466 1112 hyperbolicos
500 1057 607 1096 inter
642 1059 677 1097 se
713 1058 1006 1111 comparandos
1047 1059 1100 1099 est
1146 1067 1458 1099 commentatus,

183 1121 432 1164 Methodum
487 1120 595 1162 illius
616 1153 627 1172 ‚
671 1119 990 1163 Geometrarum
1022 1125 1245 1164 attentione
1279 1122 1463 1175 dignissi-

184 1199 322 1239 mam,
355 1188 436 1227 iam
472 1186 634 1241 pridem
670 1188 710 1226 in
746 1184 851 1228 hisce
885 1185 1207 1229 Commentariis
1241 1187 1308 1228 111.
1345 1187 1463 1229 Eule-

183 1264 251 1293 rus
286 1252 361 1292 suis
402 1250 733 1292 meditationibus
785 1265 864 1293 non
917 1251 1140 1293 illustrauit
1193 1253 1347 1305 modo,
1398 1251 1461 1292 sed

181 1314 300 1366 longe
336 1317 458 1356 etiam
493 1317 666 1357 reddidit
698 1317 993 1368 generaliorem
1032 1317 1278 1360 methodum
1331 1329 1462 1371 expo-

183 1379 312 1417 nendo
362 1380 558 1430 planam,
609 1393 631 1419 a
686 1381 1030 1423 substitutionibus
1064 1384 1288 1425 admodnm
1324 1382 1461 1423 mole·

184 1440 248 1481 ssis
269 1471 281 1490 ‚
311 1443 454 1494 quibus
488 1442 694 1494 Fagnamcs
726 1447 816 1482 vsus
849 1447 902 1485 est
924 1477 934 1493 ,
968 1456 1008 1486 et
1043 1460 1219 1500 quarum
1253 1448 1358 1488 ratio
1396 1449 1461 1488 in-

185 1506 389 1545 ventionis
421 1506 583 1557 prorsus
618 1505 670 1542 est
703 1506 862 1544 obscura
883 1537 896 1556 ,
931 1506 1096 1547 liberam
1122 1539 1132 1556 ‚
1183 1519 1302 1559 atque
1337 1521 1461 1558 gene-

183 1568 373 1610 ralissime
426 1579 567 1607 omnes
620 1566 789 1607 istorum
845 1580 1016 1608 arcuum
1059 1570 1384 1622 comparationes
1419 1573 1461 1612 in

182 1635 220 1675 se
254 1632 514 1686 complexam
538 1663 548 1683 ‚
590 1631 708 1671 cuius
741 1633 831 1674 ifeo
863 1631 1054 1674 beneficio
1089 1634 1162 1688 ipsi
1198 1635 1239 1674 in
1275 1634 1463 1687 grauiffi-

183 1711 254 1738 mo
287 1697 365 1738 hoc
401 1699 564 1750 negotio
599 1695 736 1737 multo
770 1696 930 1748 longius
963 1700 1155 1752 progredi
1189 1698 1318 1740 licuit.
1392 1701 1461 1743 Ad

183 1763 264 1803 duo
299 1775 399 1804 vero
435 1761 687 1816 potiffimum
723 1764 852 1816 capita
887 1763 1054 1803 arduam
1090 1764 1176 1805 sane
1212 1762 1314 1805 hanc
1336 1777 1461 1818 quae-

183 1827 350 1869 stionem
404 1838 594 1868 reuocare
642 1824 773 1876 licet,
822 1827 922 1867 dum
971 1827 1119 1870 scilicet
1172 1829 1460 1870 demonstrauit

185 1887 271 1932 Cel.
306 1883 484 1934 'Euserus
538 1892 678 1945 primo
719 1892 886 1945 quidem
911 1925 922 1944 ‚
976 1894 1167 1933 omnium
1202 1904 1422 1934 curnarum
1447 1924 1460 1945 ,

185 1967 355 2009 quarum
393 1955 631 1998 reffificatio
667 1954 740 1998 hac
783 1957 971 2009 integrali
1026 1956 1201 1998 formula
1252 1959 1462 2000 continea-

186 2035 254 2067 tur
283 2026 313 2077 s.
336 2012 714 2086 Wmffsscstsssszq,
747 2043 859 2072 arcus
893 2031 1060 2085 perinde
1094 2042 1211 2087 atque
1244 2030 1459 2074 circulares

187 2092 291 2133 inter
328 2092 362 2131 se
395 2096 623 2149 comparari
660 2095 764 2148 pofl'e
786 2127 797 2147 ,
835 2098 889 2138 ita
913 2129 924 2149 ,
977 2107 1058 2151 vt,
1111 2100 1244 2141 sumto
1286 2098 1328 2137 in
1377 2098 1458 2138 istis

249 2155 785 2199 Tom.XII.Nou.Comm.
978 2163 1002 2204 b
1322 2161 1457 2202 curuis
