2008 2735
415 158 1251 205 INTESTINORVM.
1365 169 1457 214 437

187 283 232 317 vt
284 275 428 316 limbus
475 276 733 324 abdominis,
784 274 886 313 dum
940 274 1226 328 producitur,
1279 275 1461 330 dumque

184 343 362 382 eminere
395 342 436 379 in
471 339 679 393 superficie
727 337 979 379 membranae
1032 339 1227 392 superiori
1283 340 1427 394 incipit
1452 372 1462 391 ,

185 406 319 448 statim
354 416 374 444 a
415 405 645 445 membrana
694 403 891 458 separetur
913 433 924 451 ‚
977 411 1017 443 et
1069 405 1204 458 potius
1259 403 1459 458 separatus

183 471 458 525 producatur,
507 468 623 510 issam
657 480 735 523 que
770 467 938 509 liberam
964 497 976 519 ,
1031 478 1075 509 vt
1123 467 1273 509 clenari
1324 479 1365 510 et
1416 473 1457 511 in

185 535 277 577 flari
309 534 428 591 possit
462 533 677 590 relinquat.

326 650 356 700 ξ.
395 662 466 700 99.
502 648 662 692 Deinde
696 647 790 690 haec
825 645 959 690 fiss‘ura
982 679 993 700 ‚
1034 660 1113 704 qua
1147 661 1248 690 zona
1285 647 1357 690 illa
1392 649 1457 688 su-

178 714 315 769 perius
351 717 391 757 in
425 716 523 756 duas
557 716 665 757 strias
697 714 808 755 albas
835 714 1038 759 diuiditur
1062 744 1073 764 ,
1107 714 1315 756 succcffiue
1340 716 1459 755 deor-

177 780 268 821 sum
300 780 595 831 continuatur,
639 781 770 827 adeo,
821 787 869 819 vt
898 790 951 819 ex
984 779 1087 820 striis
1124 778 1240 820 limbi
1273 781 1461 820 oriantur

179 843 351 884 distincti
384 854 595 898 totamque
627 854 863 898 aperturam
896 845 1103 894 cingentes
1137 841 1221 896 (fig.
1245 844 1321 893 6.).
1357 842 1460 883 Val-

178 908 229 948 de
265 918 400 951 tamen
431 909 600 962 suspicor
625 940 636 958 ‚
685 907 865 958 limbos,
921 907 1017 948 licet
1059 907 1253 948 hadtenus
1302 905 1456 948 confusi

178 970 222 1013 in
254 984 379 1014 vnam
414 985 559 1014 zonam
595 973 668 1014 esse
703 973 916 1012 videantur
937 999 950 1020 ‚
1002 972 1114 1024 prius
1151 972 1234 1012 iam
1268 984 1364 1011 vere
1400 973 1458 1010 se-

176 1045 333 1088 paratos
367 1038 428 1077 sed
462 1038 561 1077 adeo
593 1034 806 1086 contiguos
840 1032 948 1074 fuisse
971 1062 984 1084 ,
1038 1044 1086 1075 vt
1126 1033 1323 1086 distingui
1374 1047 1455 1075 non

174 1100 415 1151 potuerint,
451 1112 558 1142 nunc
594 1111 692 1141 vero
725 1099 936 1140 succorum
967 1100 1295 1140 accumulatione
1328 1108 1370 1141 et
1391 1099 1455 1138 in-

176 1163 440 1217 terpositione
474 1164 681 1207 remoueri
735 1177 756 1204 a
809 1164 847 1205 se
898 1163 1115 1214 inuicem,
1186 1164 1454 1216 primumque

174 1228 265 1268 ideo
320 1227 524 1268 distinctos
583 1238 787 1280 apparere.
884 1226 968 1266 Hac
1017 1238 1118 1278 ergo
1168 1228 1324 1267 ratione
1374 1235 1454 1266 tres

172 1290 347 1332 affiones
378 1293 483 1333 circa
515 1289 647 1332 bullae
681 1291 969 1332 formationem
1002 1291 1302 1342 distinguendae
1339 1291 1454 1341 sunt;

173 1355 366 1396 formatio
397 1355 514 1398 limbi
545 1354 811 1397 abdominahs
845 1356 890 1396 ad
924 1355 1180 1409 superficiem
1245 1355 1451 1395 membra-

174 1432 246 1462 nae
280 1419 528 1475 superiorem
564 1421 612 1470 (§.
649 1419 742 1472 98.)
774 1431 877 1473 quae
911 1420 1086 1460 maximi
1123 1420 1326 1460 momenti
1363 1420 1448 1470 est;

172 1484 312 1526 deinde
343 1482 465 1526 huius
499 1485 617 1526 limbi
651 1497 673 1526 a
708 1484 914 1540 principio
957 1485 1212 1525 membranae
1263 1496 1347 1537 quo
1396 1496 1447 1524 cx

172 1549 281 1602 spina
321 1550 465 1593 dorsali
518 1552 683 1601 oritur,
729 1558 772 1590 et
821 1550 929 1603 quod
977 1550 1153 1591 limbum
1204 1550 1448 1589 interiorem

172 1615 351 1668 format,
407 1617 586 1659 remotio
636 1625 707 1669 per
759 1611 1053 1668 interpositum
1105 1611 1319 1665 fluidum,
1367 1625 1450 1666 quo

169 1688 274 1721 zona
306 1681 445 1734 primo
480 1683 522 1723 in
558 1682 653 1723 duas
694 1678 801 1722 strias
840 1679 968 1721 diuidi
1026 1679 1221 1727 videtum
1275 1676 1450 1730 denique

173 1744 423 1788 continuatae
455 1759 507 1788 ex
540 1745 672 1788 limbo
719 1744 904 1786 interiori
930 1774 941 1796 ‚
994 1752 1035 1784 et
1078 1741 1275 1783 exteriori
1330 1741 1448 1794 super
1496 1774 1500 1777 .

173 1808 315 1851 duciae
335 1841 347 1862 ,
397 1813 653 1854 membranae
694 1810 873 1850 remotio
904 1821 926 1849 a
957 1807 1131 1849 subiec'co
1162 1806 1291 1846 limbo
1325 1805 1449 1845 abdo-

176 1873 354 1927 minan,
407 1887 486 1929 quo
537 1874 661 1917 simul
695 1873 792 1915 haec
829 1873 1060 1913 membrana
1097 1871 1137 1911 in
1172 1867 1327 1909 buram
1363 1870 1448 1910 ele-

173 1947 295 1978 vatur
317 1970 328 1988 ‚
361 1942 466 1994 quoj
500 1942 642 1983 itidem
677 1951 748 1995 per
783 1941 946 1989 sucCOS,
979 1936 1128 1990 liquori
1164 1934 1291 1974 amnii
1329 1932 1446 1975 fimi-

170 1997 230 2044 les
265 2003 352 2046 fieri
375 2035 387 2057 ‚
421 2003 653 2049 multorum
684 2004 974 2058 exemplorum
1007 2000 1192 2053 analogia
1227 1998 1370 2041 suadet.

1267 2141 1301 2191 ς.
1339 2152 1441 2182 ιοο.
