2008 2735
427 170 1051 215 TORMAYER.
1291 182 1380 224 335

412 283 896 363 Experimentum
987 281 1082 342 111.

259 395 422 439 Similia
454 393 817 449 parallelipiped:1‚
854 393 1052 446 magnetis
1086 393 1250 436 incur-ui
1284 394 1385 436 arti-

106 463 245 504 ficialis
283 462 376 517 polo
411 471 587 515 Vtroque
620 461 764 502 strinxi
803 471 872 514 per
909 468 1037 499 totam
1064 458 1386 513 longitudinem,

105 527 210 581 (fig.
249 527 306 580 4)
339 536 487 569 euentu
523 539 647 580 quem
683 527 843 581 sequens
878 523 1040 566 exhibet
1077 523 1217 566 tabula.
1409 539 1575 581 Tab.V1.

117 634 240 682 Long.
255 628 455 695 QQU
478 632 514 671 st.
538 641 660 671 centr.
683 644 702 669 ιι
728 629 873 682 puncto
896 628 1042 669 cDist.
1062 636 1184 668 centr.
1206 640 1227 668 a
1245 627 1384 668 medio*

543 717 588 754 0,
613 716 674 751 74
714 688 871 756 poll.——
1021 716 1066 751 o,
1086 706 1145 741 06
1179 703 1278 756 poll.

546 791 584 826 ι,
605 764 802 825 63——
1020 789 1066 827 ο,
1090 789 1149 826 24
1320 762 1379 768 -

547 882 588 901 a,
611 864 927 917 55———
1020 864 1063 900 0,
1088 863 1144 899 50
1204 837 1380 913 ἶ

254 931 1380 994 --ῄ-Η--ῤ-ΟΔᾹὲ--ἓ-

544 1011 589 1048 42
612 1003 669 1045 56
1027 1011 1068 1045 1,
1088 1010 1147 1044 40

104 1119 204 1162 sexti
253 1118 575 1175 parallelipipedi
631 1129 782 1169 12‚12
841 1117 940 1173 poll.
966 1157 969 1161 ,
995 1117 1251 1159 mentionem
1305 1127 1388 1157 non

105 1185 267 1236 inicio,
298 1187 495 1240 quoniam
531 1183 604 1224 hac
640 1173 970 1236 miigiietificaiidi
1006 1182 1207 1225 methodo
1238 1182 1390 1235 ipsum,

107 1250 258 1303 septem
296 1251 411 1301 polos
444 1249 602 1289 alterno
633 1250 775 1290 ordine
814 1253 849 1291 se
881 1249 1128 1303 excipientes
1152 1279 1164 1299 ,
1222 1246 1305 1287 siue
1342 1255 1390 1286 vt

107 1315 221 1368 loqui
259 1323 398 1354 amant
433 1312 628 1367 physici,
686 1314 860 1354 totidem
910 1315 1056 1371 puncta
1107 1310 1390 1368 consequentia

107 1377 370 1434 acquisstierat
392 1411 402 1431 ‚
438 1383 508 1433 qui
543 1378 650 1421 casus
688 1377 770 1417 huc
805 1392 886 1419 non
921 1379 1105 1434 pertinet.

259 1460 374 1516 Quae
412 1458 476 1501 hic
512 1459 678 1513 exposui
713 1460 804 1500 stitis
837 1458 1188 1509 commonstrant,
1222 1467 1392 1508 magne-

112 1529 178 1570 tici
213 1527 338 1569 centri
375 1525 500 1566 situm
521 1556 530 1573 ‚
581 1536 709 1578 neque
743 1527 783 1565 in
824 1525 1075 1576 n-agnctibus
1110 1521 1393 1572 naturabbus,

111 1606 237 1648 neque
273 1594 314 1632 in
347 1591 604 1632 ferrament's
641 1590 866 1641 magnetica
900 1589 944 1629 vi
977 1597 1063 1628 arte
1100 1586 1292 1636 imbutis,
1324 1588 1390 1626 seu

113 1657 364 1710 magnetibus
394 1654 670 1697 artificialibus
694 1686 704 1705 ,
755 1655 912 1707 semper
953 1665 1051 1693 eum
1105 1651 1212 1703 esse,
1264 1663 1389 1704 quem

112 1723 307 1765 Celeberr.
346 1721 536 1771 Mayerus
568 1720 792 1774 supponit3
844 1717 915 1760 etsi
952 1717 1104 1769 fatear,
1140 1717 1180 1756 in
1218 1714 1392 1770 paralle-

113 1788 300 1840 lipipedis
331 1787 535 1840 chalybeis
561 1817 571 1836 ‚
604 1798 706 1839 quae
742 1784 950 1826 ordinario
983 1791 1224 1836 magnetum
1259 1778 1390 1821 artifi-

114 1852 284 1894 cialium
316 1853 483 1894 nomine
515 1852 688 1892 veniunt
710 1883 722 1902 ,
770 1859 812 1890 et
848 1859 949 1903 quae
985 1846 1182 1888 methodo
1216 1844 1393 1898 duplicis

114 1917 320 1960 contaetus
358 1916 651 1969 magnetificari
688 1915 814 1957 solent
837 1945 848 1964 ,
881 1914 1094 1955 enunciata
1133 1909 1290 1961 Mayeri
1327 1908 1392 1950 lo-

113 1996 210 2025 cum
247 1982 401 2022 habere.
465 1981 578 2022 Inter
612 1979 915 2035 praerogatiuas
950 1979 1060 2018 enim
1097 1974 1272 2029 duplicis
1291 1987 1391 2016 con·

115 2048 243 2089 tactus
278 2047 578 2087 numerandum
612 2047 665 2087 est
688 2077 699 2093 ,
739 2043 846 2099 quod
884 2042 1161 2096 magneticnm
1197 2050 1389 2082 centrum

114 2113 160 2154 ad
197 2112 335 2166 virgae
368 2111 552 2153 medium
588 2111 742 2165 semper
776 2108 939 2151 reducat
961 2139 974 2161 ,
1023 2107 1164 2164 prouti
1208 2105 1355 2149 monui
1378 2135 1390 2155 ,

1346 2181 1389 2210 m
