2008 2735
527 177 614 211 126
717 172 799 212 DE
834 167 1053 211 DVRAT.
1092 164 1290 209 MEDIA
1330 163 1586 209 MATRIM.

521 286 713 327 trimonia
740 297 869 325 annua
895 284 941 324 de
974 281 1144 324 secundo
1171 291 1314 333 genere
1343 278 1466 320 effent
1485 310 1497 330 ,
1532 287 1628 320 tunc
1652 281 1781 323 forent

522 362 644 401 9207
679 350 841 400 mariti,
868 350 1035 390 totidem
1058 358 1219 396 vxores,
1243 356 1366 394 2154
1386 344 1500 386 vidui
1519 352 1638 399 atque
1663 350 1781 396 8146

521 418 665 458 vlduae
683 415 921 466 summaque
940 413 1132 452 omnium
1156 417 1322 460 28714.

677 478 711 529 e)
735 479 779 518 ln
800 479 980 526 ciuitate,
997 487 1096 529 quae
1114 477 1161 516 ad
1182 476 1327 516 statum
1348 482 1647 527 permanentem
1665 473 1786 514 redu-

525 545 586 584 fta
617 544 807 595 ponitur,
835 541 861 579 ss
890 541 1103 593 quotannis
1133 549 1219 587 500
1249 539 1510 580 matrimonia
1538 551 1642 579 noua
1663 538 1790 592 primi

525 608 681 661 generis
705 605 954 645 celebrentur
976 635 987 654 ‚
1021 603 1164 645 neceffe
1190 604 1244 643 est
1270 613 1317 644 vt
1337 603 1506 644 totidem
1527 603 1793 643 matrimonia

530 671 743 713 annuatim
760 668 1048 720 diffoluantur3
1069 668 1297 709 morientur
1318 677 1407 716 250
1427 668 1587 718 mariti,
1604 668 1674 720 qui
1695 667 1794 708 toti-

526 739 619 779 dem
641 737 724 790 post
748 735 784 776 se
803 732 1031 786 relinquent
1049 733 1215 784 viduam,
1233 743 1352 787 atque
1378 743 1467 780 250
1499 743 1666 782 mores,
1693 743 1796 784 quae

528 802 698 853 totidem
725 800 874 854 pariter
900 798 1043 839 viduos
1070 799 1233 839 faciunt.
1298 795 1457 835 Verum
1485 795 1514 835 si
1539 805 1626 842 500
1649 797 1798 835 matri-

529 866 667 906 monia
686 876 815 905 annua
834 864 881 904 de
899 863 1066 904 secundo
1083 872 1226 915 genere
1251 861 1423 911 fuerint,
1450 871 1561 900 mors
1585 860 1798 899 annuatim

531 929 651 971 tollet
673 940 760 979 345
785 927 1083 982 propemodum
1104 927 1286 977 maritos,
1309 937 1325 962 1
1340 935 1393 973 55
1418 937 1581 973 vitores,
1606 935 1658 972 15
1673 936 1691 972 5
1731 925 1797 964 vi-

531 995 632 1036 duos
680 1003 721 1032 et
776 1001 863 1041 345
923 991 1092 1032 viduas:
1159 990 1254 1042 quia
1294 989 1406 1028 enim
1451 1000 1646 1028 numerus
1680 989 1799 1029 viro-

530 1070 629 1099 rum
661 1056 918 1111 superstitum
955 1066 1047 1097 :s
1068 1083 1079 1104 ‚
1113 1063 1309 1093 numerus
1342 1052 1615 1091 foeminarum
1660 1052 1799 1103 super-

531 1123 673 1166 stitum
712 1129 797 1160 :t
833 1130 873 1160 et
906 1129 1102 1160 numerus
1136 1115 1500 1157 matrimoniorum
1547 1113 1801 1156 residuorum

535 1182 659 1245 :⁵3²—
700 1191 745 1241 (§.
806 1188 895 1242 16.)
940 1190 1018 1230 erit
1069 1189 1376 1229 decrementum
1427 1189 1706 1238 maritorum,
1756 1199 1806 1228 vt

536 1265 733 1299 numerus
783 1258 970 1311 priorum
1023 1253 1069 1293 ad
1121 1263 1345 1293 numerum
1396 1252 1700 1304 posteriorum,
1764 1251 1806 1292 id

519 1331 590 1372 est
612 1361 623 1381 ,
673 1337 721 1369 vt
773 1341 793 1367 s
827 1328 874 1369 ad
904 1316 957 1380 εξ
988 1326 1055 1369 vel
1089 1334 1135 1366 vt
1168 1337 1190 1365 n
1224 1326 1270 1365 ad
1303 1333 1340 1375 ις
1372 1323 1473 1407 hinei
1502 1325 1807 1368 decrementum

1381 1384 1439 1408 -r
1484 1388 1495 1407 ς

539 1401 788 1445 maritorum
823 1398 1141 1452 exprimendum
1176 1396 1229 1436 est
1267 1407 1338 1449 per
1429 1431 1446 1450 n
1510 1413 1522 1450 ς
1573 1400 1808 1440 decremen-

538 1469 635 1516 tum
670 1481 808 1512 autem
845 1482 1028 1511 vxorum
1061 1471 1140 1511 erit
1190 1453 1369 1521 z—ss‘fl
1398 1500 1409 1520 ‚
1461 1472 1564 1513 vnde
1614 1480 1809 1512 numerus

548 1549 702 1598 integer
739 1554 1002 1584 mortuorum
1035 1545 1279 1584 maritorum
1315 1529 1548 1598 :ss—s'ss‘}5
1578 1552 1618 1580 et
1660 1553 1808 1582 nume-

548 1629 619 1658 rus
653 1617 808 1664 integer
850 1626 1033 1654 vxorum
1087 1623 1350 1655 mortuarum
1400 1598 1670 1667 2¹—sss3
1719 1616 1813 1669 quia

549 1694 650 1722 vero
683 1676 825 1719 relatio
854 1677 1049 1736 generalis
1083 1680 1188 1719 inter
1220 1690 1241 1717 s
1275 1687 1316 1717 et
1348 1685 1365 1717 t
1408 1690 1489 1718 non
1538 1676 1656 1721 datur
1678 1711 1689 1731 ‚
1741 1679 1815 1720 nisi

552 1758 624 1801 per
657 1754 850 1783 numeros
886 1741 1040 1784 tabulae
1098 1740 1344 1791 mortualis,
1396 1742 1587 1796 praefatae
1640 1745 1819 1796 integra-

552 1811 680 1851 tiones
712 1805 798 1847 ficri
837 1820 916 1848 non
952 1805 1110 1861 possunt
1144 1806 1260 1847 aliter
1294 1818 1417 1859 quam
1454 1819 1525 1860 per
1562 1818 1690 1860 partes
1712 1838 1723 1858 ‚
1758 1818 1818 1849 at-

551 1886 626 1930 que
659 1872 709 1914 fic
746 1872 882 1911 inueni
917 1884 1110 1912 numeros
1142 1882 1244 1926 quos
1279 1872 1402 1911 modo
1436 1871 1613 1913 exhibui.

704 1937 890 1990 Apparet
940 1937 1068 1989 igitur
1117 1948 1169 1977 cx
1227 1936 1299 1976 isto
1332 1935 1599 1989 qualicunque
1633 1938 1821 1991 specimi-

557 2014 606 2043 ne
630 2032 640 2051 ,
693 2001 842 2041 multas
891 1999 966 2041 effe
1009 2003 1048 2042 in
1092 2013 1234 2053 genere
1270 1999 1452 2041 humano
1488 2003 1727 2043 variationes
1758 2010 1819 2041 at-

555 2079 635 2121 que
689 2066 1007 2115 vicissitudines‚
1057 2078 1155 2120 quae
1210 2065 1293 2107 solo
1342 2064 1495 2107 calculo
1528 2067 1750 2108 accuratius
1781 2075 1821 2105 et

560 2130 707 2172 melius
742 2131 1003 2171 determinari
1042 2131 1184 2185 poss'int
1207 2163 1217 2182 ,
1267 2142 1392 2185 quam
1427 2131 1652 2172 innumeris
1693 2129 1823 2171 adhuc

558 2196 896 2238 obseruationibus
932 2194 1017 2237 fieri
1058 2185 1236 2249 pomus
1687 2195 1824 2236 PHY-
