2008 2735
548 186 640 234 ,με
837 176 937 220 DE
1005 177 1557 224 FORMATIONE

546 296 696 337 duabus
731 293 986 345 membranis,
1020 307 1190 348 quarum
1226 296 1406 349 superior
1427 297 1588 337 tenuior
1612 329 1622 348 ‚
1655 298 1815 339 inferior

547 371 685 403 autem
721 357 877 399 crass‘10r
911 368 951 399 et
984 359 1153 400 mollior
1187 361 1265 411 est,
1298 373 1337 401 et
1371 375 1469 415 quae
1504 363 1592 403 vasa
1626 364 1664 402 in
1685 375 1816 403 aream

548 426 786 473 distributa,
841 425 1134 478 materiamque
1185 439 1351 480 opacam
1393 428 1556 477 albam,
1609 429 1817 468 interstitia

549 492 735 532 vasorum
771 488 1030 543 replentem,
1065 491 1271 531 continent
1294 521 1304 541 ‚
1341 492 1394 532 ita
1431 504 1563 532 tamen
1588 524 1598 541 ‚
1654 502 1697 532 vt
1733 505 1820 531 ma·

550 556 650 596 teria
692 566 815 608 opaca
849 564 972 607 aeque
1006 566 1048 595 ac
1084 554 1171 596 vasa
1206 556 1335 606 magis
1373 559 1623 598 membranae
1659 557 1820 597 inferio—

548 622 583 661 ri
636 619 882 660 adscribenda
938 616 1025 660 suit.
1127 618 1354 662 Cohaereut
1404 632 1542 663 autem
1605 633 1711 662 certe
1747 621 1821 664 hoc

552 694 736 738 tempore
771 683 877 724 inter
911 684 980 734 se,
1027 694 1073 724 vt
1109 694 1234 725 vnam
1271 684 1379 739 quasi
1418 687 1695 727 membranam
1731 687 1823 726 cffi-

550 751 685 801 ciant,
740 756 823 802 quo
875 761 998 803 vsque
1045 761 1192 804 nempe
1221 759 1310 790 area
1347 752 1544 792 vasculosa
1581 754 1659 805 ipia
1693 751 1826 791 conti-

553 823 664 856 nuat.
735 813 823 854 Iam
859 825 985 869 prope
1018 814 1282 866 embryonem
1312 843 1324 866 ‚
1357 813 1423 856 vbi
1461 810 1590 856 areola
1628 812 1826 868 pellucida

554 879 697 931 incipit
730 889 923 932 vtraeque
958 879 1030 919 hac
1066 879 1322 920 membranae
1358 880 1560 935 incipiunt
1603 889 1623 918 a
1675 879 1710 920 se
1764 880 1829 918 in-

556 944 691 983 vicem
727 941 831 983 solui
860 973 871 993 ,
912 943 1139 996 solutaeqne
1172 943 1219 983 ad
1254 944 1489 996 cmbryonis
1522 941 1671 984 limites
1705 953 1830 996 x'sque

555 1007 877 1056 continuantur,
912 1019 994 1058 quo
1027 1018 1122 1047 eum
1159 1007 1454 1061 intercipiant,
1497 1011 1679 1062 superior
1716 1008 1832 1060 super

555 1070 822 1120 embryonem
874 1072 1077 1120 transeat,
1146 1070 1310 1110 inferior
1362 1072 1428 1111 sub
1477 1073 1617 1112 eodem
1678 1082 1831 1123 pergat.

557 1134 737 1177 Eaedem
772 1145 850 1174 vna
885 1133 983 1174 dum
1036 1134 1280 1184 solatiatur,
1335 1135 1559 1185 vasorum,
1609 1145 1709 1188 quae
1763 1148 1831 1188 per

559 1208 690 1239 totam
725 1209 859 1239 aream
896 1196 1139 1239 vasculosam
1177 1199 1381 1237 distributa
1437 1200 1613 1238 existunt
1638 1228 1648 1246 ,
1707 1200 1833 1236 rami-

559 1262 748 1304 ficatione
798 1261 914 1302 omni
963 1262 1236 1302 destituuntur
1267 1292 1277 1311 ‚
1341 1261 1507 1313 proinde
1557 1272 1715 1313 quoque
1768 1260 1834 1301 illa

561 1325 730 1367 materia
765 1326 847 1366 alba
882 1338 1003 1378 opaca
1038 1326 1089 1366 iis
1122 1324 1292 1374 deficit,
1343 1336 1464 1377 quam
1500 1325 1546 1365 ad
1599 1325 1833 1365 inferiorem

562 1390 843 1430 membranam
880 1392 1007 1443 magis
1041 1391 1239 1444 pertinere
1293 1389 1412 1438 dixi,
1460 1400 1498 1429 ct
1551 1389 1592 1428 in
1635 1402 1711 1443 qua
1767 1389 1835 1430 illa

562 1457 651 1496 vala
686 1462 900 1495 exarantur·
924 1485 934 1505 ,
967 1467 1147 1509 quaeque
1189 1456 1413 1497 eorundem
1452 1454 1657 1494 interstitia
1694 1454 1833 1508 replet.

564 1519 664 1562 Inde
700 1518 794 1559 haec
830 1520 999 1561 interior
1035 1532 1134 1573 ergo
1165 1532 1275 1561 arcae
1312 1518 1530 1560 vasculorae
1566 1531 1653 1572 pars
1683 1550 1692 1569 ,
1738 1532 1836 1572 quae

569 1585 806 1626 immediate
841 1585 1107 1636 embryonem
1162 1586 1322 1638 cingit,
1370 1598 1464 1627 cum
1515 1584 1696 1637 superior
1752 1587 1837 1624 eius

570 1649 722 1689 lamina
759 1661 828 1702 per
861 1650 895 1689 se
932 1651 1059 1690 tenuis
1106 1659 1145 1691 et
1199 1651 1299 1690 vasis
1350 1661 1490 1705 expers
1540 1648 1619 1700 sit,
1673 1648 1836 1689 inflrzor

568 1724 704 1754 autem
738 1713 880 1754 iisdem
917 1714 1106 1756 similiter
1139 1726 1178 1755 et
1214 1716 1381 1756 materia
1416 1726 1534 1767 opaca
1572 1725 1678 1754 nunc
1718 1714 1837 1754 desti-

571 1788 745 1829 tuatur,
803 1780 1047 1833 opacitatem
1101 1792 1262 1834 quoque
1307 1791 1472 1820 omnem
1526 1788 1564 1817 et
1616 1776 1836 1821 albedinem

569 1843 749 1896 amittit,
783 1853 823 1884 et
857 1845 1051 1898 pellucida
1086 1846 1268 1886 redditur
1299 1855 1339 1886 et
1375 1854 1563 1897 tanquam
1585 1844 1746 1883 obscura
1767 1856 1838 1896 ap-

574 1918 697 1961 paret.
797 1907 883 1948 Hoc
935 1911 1058 1951 modo
1110 1911 1332 1951 notandum
1357 1940 1367 1960 ,
1419 1910 1462 1950 ab
1497 1909 1612 1949 omni
1650 1922 1672 1948 κ’
1698 1908 1836 1947 iorum

574 1972 887 2024 sanguineorum
941 1986 1084 2027 genere
1138 1974 1315 2016 areolam
1370 1971 1472 2014 hand
1524 1973 1689 2014 liberam
1730 1973 1803 2013 effe
1829 2003 1840 2022 ,

575 2036 635 2076 sed
670 2037 810 2089 quibus
840 2049 1003 2080 ornatur
1027 2072 1036 2090 ‚
1079 2039 1236 2080 vascula
1271 2051 1322 2079 ex
1357 2037 1438 2079 alio
1473 2042 1578 2079 fonte
1613 2040 1841 2082 ducuntur,

574 2112 627 2142 ex
663 2113 762 2142 vena
799 2103 945 2145 scilieet
981 2106 1258 2157 adscendente,
1290 2104 1390 2144 alius
1426 2117 1549 2158 porro
1586 2102 1840 2147 indolisssmt,

1719 2177 1842 2205 min-
