2008 2735
355 291 443 330 Tab.
458 289 524 329 VI.

548 185 643 227 344
765 168 1032 216 EXAMEN
1064 169 1278 215 THEOR.
1314 166 1586 216 MAGNET.

703 284 794 328 Bini
831 295 1033 338 magnetes
1066 287 1295 330 artificiales
1326 286 1717 340 ABC‚abc‚<Fig
1755 285 1812 345 7.)

547 350 618 393 sibi
653 353 829 394 inuicem
867 352 922 392 ita
950 363 1232 406 opponantur,
1266 362 1312 393 vt
1348 354 1388 393 in
1422 353 1622 393 directum
1657 353 1815 404 iaciant,

548 416 619 458 sibi
653 419 831 458 inuicem
863 428 963 458 vero
995 417 1209 457 obuertant
1246 416 1356 470 polos
1388 419 1651 470 cognomines
1671 447 1684 467 ,
1738 417 1820 458 ini·

547 483 674 523 micos
723 481 818 522 alias
869 489 1061 533 vocatos,
1123 493 1163 522 V.
1215 491 1253 532 g.
1309 481 1447 524 boreos
1499 491 1571 522 aut
1620 482 1818 523 australes.

546 545 821 588 Examinetur
874 543 1038 586 bilancis
1091 543 1318 586 mobilioris
1367 560 1444 602 ope
1497 547 1602 587 aetio
1665 545 1818 587 horum

547 620 786 662 magnetum
821 611 865 650 in
914 610 952 651 se
1000 610 1212 662 inuicem,
1264 619 1383 664 atque
1433 611 1736 663 ohim-abitur,
1790 609 1823 651 fi

546 676 696 718 maiori
745 673 961 718 interuallo
1012 688 1035 715 a
1084 676 1119 716 se
1170 675 1351 717 inuicem
1401 676 1575 728 distant,
1627 675 1821 729 repellere

544 739 649 793 ipsos
678 743 719 783 st
753 749 922 792 mutuo,
951 748 990 779 et
1025 738 1300 794 repulsionem
1335 742 1502 794 quidem
1532 741 1602 791 ,sub
1636 742 1822 790 initium,

546 806 747 847 maiorem
781 805 949 847 euadere
983 817 1079 845 cum
1135 805 1361 845 imminuta
1416 805 1630 854 distantia,
1687 805 1742 844 ast
1791 803 1824 843 si

545 872 743 912 continuo
778 872 907 921 magis
941 871 1144 923 magisque
1182 868 1389 924 propiores
1421 869 1492 910 sibi
1526 868 1625 908 fiant
1653 879 1820 920 magne-

547 941 606 973 tes
628 965 639 984 ,
673 933 945 986 repulsionem
981 934 1214 974 terminum
1250 937 1450 987 quendam
1487 934 1721 974 maximum
1755 940 1820 972 at·

549 998 704 1047 tingere
727 1027 737 1047 ‚
772 1008 895 1050 quem
932 995 960 1035 si
996 997 1276 1050 praetergressa
1313 999 1367 1038 est
1391 1029 1402 1048 ,
1457 998 1674 1039 decrescere
1717 997 1822 1037 inci-

549 1060 609 1113 pit
632 1091 643 1108 ,
677 1072 774 1099 cum
809 1058 1030 1100 imminuta
1065 1059 1245 1100 distantia
1270 1089 1281 1109 ,
1333 1061 1469 1099 immo
1510 1073 1582 1112 per
1633 1073 1730 1102 zero
1780 1061 1821 1102 iil

548 1124 804 1165 contrarium
839 1124 998 1163 tandem
1037 1121 1176 1162 transit
1198 1153 1209 1174 ‚
1268 1124 1322 1162 ita
1356 1131 1402 1161 vt
1437 1132 1638 1174 magnetes
1671 1124 1708 1162 se
1757 1133 1820 1163 at-

553 1186 748 1239 trahant,
798 1196 839 1226 et
891 1187 959 1228 sub
1008 1188 1142 1245 ipsum
1191 1186 1428 1232 contaCtum
1472 1185 1642 1227 notabili
1677 1187 1721 1227 vi
1753 1197 1825 1228 co-

550 1249 752 1295 haereant.

705 1347 830 1393 Fallit
863 1345 937 1391 hoc
971 1346 1302 1400 experimentum
1357 1355 1598 1398 nunquam,
1650 1342 1731 1384 flue
1784 1342 1824 1389 in

551 1417 805 1468 magnetibus
839 1412 1089 1452 naturalibus
1112 1442 1122 1462 ‚
1159 1411 1238 1455 siue
1270 1408 1544 1451 artificialibus
1579 1409 1827 1461 instituatur,

549 1482 674 1523 modo
712 1487 952 1529 magnetum
985 1475 1088 1516 alter
1112 1507 1122 1526 ‚
1157 1486 1227 1516 aut
1262 1473 1469 1525 insigniter
1501 1473 1699 1524 debilior,
1756 1472 1834 1526 sit,

548 1554 620 1584 aut
655 1555 704 1583 ex
739 1541 908 1592 chalybe
944 1539 1128 1582 molliori
1165 1540 1343 1589 constet,
1379 1550 1501 1593 quani
1539 1536 1654 1577 alter.
1735 1536 1837 1577 Imae

552 1621 623 1650 mo
657 1617 697 1647 et
733 1605 920 1657 gross'iori
956 1605 1077 1645 modo
1115 1607 1293 1647 instituta
1329 1602 1604 1656 experimenta
1626 1633 1636 1651 ‚
1683 1599 1827 1640 transi-

551 1680 615 1713 tus
665 1671 786 1711 liuius
838 1682 889 1710 ex
939 1668 1165 1723 repulsione
1220 1670 1259 1709 in
1303 1667 1586 1708 attraetioncm
1625 1665 1825 1707 manisessa

553 1737 732 1791 produnt
770 1735 913 1776 indicia
938 1765 949 1785 ,
1000 1736 1054 1774 ita
1090 1744 1137 1776 vt
1172 1733 1247 1774 hoc
1283 1731 1586 1785 phaenomenon
1623 1728 1824 1771 familiare

552 1813 633 1841 non
668 1799 742 1840 eise
776 1808 948 1853 nequeat
971 1827 982 1847 ‚
1022 1798 1070 1837 iis
1099 1830 1109 1846 ‚
1159 1800 1231 1852 qui
1267 1795 1553 1850 experimentis
1589 1793 1824 1846 magneticis

552 1865 803 1907 instituendis
827 1897 839 1916 ‚
872 1875 1051 1916 vnquam
1089 1863 1372 1907 incubuerunt.

708 1960 968 2002 Manifestum
1003 1970 1137 2001 autem
1175 1961 1261 2010 est,
1305 1971 1397 1999 cum
1436 1956 1589 1998 theoria
1627 1954 1829 2006 Meyeria-

555 2035 605 2065 na
638 2024 843 2065 conciliari
883 2024 1188 2078 pliaenomenon
1228 2025 1325 2066 istud
1359 2035 1564 2076 nunquam
1602 2019 1703 2074 posse
1725 2050 1736 2069 ‚
1763 2017 1827 2058 sed

554 2090 688 2147 potius
725 2101 776 2130 cx
816 2088 897 2144 ipsa
948 2090 1159 2134 nccciiiirio
1213 2092 1353 2144 sequi,
1403 2086 1677 2143 repulsionem
1725 2093 1823 2152 ⁶.¹¹¹³¹

1743 2157 1830 2191 im-
