2008 2735
536 173 631 216 8²0
748 159 851 206 DE
918 159 1614 212 ELECTRICITATE

540 290 621 321 non
656 276 951 332 deprehendere
984 291 1065 320 non
1098 280 1289 334 potuisset
1309 311 1321 333 ,
1372 281 1402 323 ss
1435 291 1504 323 aut
1551 277 1812 337 barometroJ

539 344 694 396 aliquid
726 344 830 384 aeris
864 343 1097 386 continente
1131 345 1224 386 vsus
1253 346 1348 387 esset
1368 378 1381 399 ,
1414 357 1484 389 aut
1513 359 1564 389 eo
1596 347 1684 401 ipso
1703 357 1814 390 tem·

537 420 638 463 pore
659 438 670 459 ‚
705 408 771 448 vbi
809 409 1034 450 mercurius
1067 409 1266 452 descendit
1288 442 1300 463 ‚
1351 425 1433 453 non
1465 424 1566 453 vero
1602 412 1686 464 post
1717 424 1814 468 per·

536 473 675 517 astum
710 473 935 515 descensum
957 504 969 526 ‚
1003 475 1100 529 quid
1133 477 1290 518 eueniat
1310 507 1322 528 ‚
1353 476 1630 520 examinasset.

687 569 719 618 §.
761 581 834 619 30.
870 570 919 612 In
953 570 1188 614 barometro
1209 603 1220 624 ,
1268 574 1374 627 quod
1407 575 1530 616 etiam
1567 572 1653 628 post
1695 571 1813 628 pera?

533 630 647 673 &um
683 638 878 677 mercurii
912 636 1139 679 descensum
1164 668 1176 691 ‚
1226 637 1449 682 sensibilem
1485 639 1573 680 satis
1614 641 1810 682 retinebat

530 698 844 742 elearicitatcm
870 734 882 756 ,
914 701 1154 744 electricitas
1187 704 1353 756 omnis,
1396 716 1472 757 qua
1505 703 1661 744 imbuta
1696 712 1811 745 erant

530 762 628 804 solia
663 765 863 809 metallica
887 796 900 817 ‚
932 767 1239 814 destruebatur.
1291 767 1322 809 fi
1358 767 1588 811 inclinando
1623 767 1810 808 barome-

532 837 682 880 trum„
735 831 991 873 mercurium
1042 831 1150 874 lente
1200 833 1248 873 ad
1289 834 1571 874 summitatem
1607 832 1811 874 ascendere

528 892 731 936 faciebam.
799 897 931 937 Huius
964 905 1104 937 autem
1138 895 1409 950 phaenomeni
1443 898 1549 939 ratio
1584 895 1694 939 facile
1716 909 1811 950 per-

528 958 711 1009 spicitur.
798 959 883 1000 Cur
916 971 1064 1012 nempe
1097 962 1301 1002 ascendens
1335 964 1558 1006 mercurius
1579 992 1592 1012 ‚
1637 973 1811 1002 omnem

531 1020 576 1062 in
612 1020 796 1062 interiori
833 1022 916 1064 tubi
974 1023 1185 1076 superficie
1237 1025 1438 1065 residuam
1499 1026 1814 1068 elec‘tricitatem

530 1084 789 1136 exstinguat,
837 1089 952 1142 supra
986 1087 1016 1135 §.
1059 1099 1130 1136 14.
1167 1087 1248 1127 iam
1279 1087 1497 1141 explicaui.
1596 1089 1669 1128 Ast
1704 1088 1733 1127 si
1766 1091 1810 1130 in

530 1148 688 1190 interna
724 1149 808 1190 tubi
843 1151 1053 1204 superficie
1087 1150 1325 1192 eiectricitas
1359 1150 1549 1202 deletur,
1595 1150 1710 1191 cessat
1745 1164 1812 1194 re-

524 1211 659 1264 pulsio
680 1243 691 1263 ,
741 1225 841 1265 quae
898 1218 1113 1256 materiam
1148 1215 1380 1256 eleetricam
1415 1228 1465 1255 ex
1500 1217 1601 1255 vitri
1637 1214 1810 1257 substan-

522 1275 578 1318 tia
613 1278 750 1316 versus
787 1279 1038 1320 exteriorem
1077 1279 1163 1319 tubi
1197 1278 1451 1332 superficiem
1495 1277 1661 1318 transire
1714 1281 1812 1321 coe'-

524 1349 637 1391 gerat
666 1371 677 1392 ‚
726 1342 832 1382 vnde
879 1343 961 1396 ipsa
993 1345 1040 1384 ad
1077 1343 1268 1383 interiora
1304 1341 1390 1382 loca
1416 1373 1428 1393 ,
1472 1352 1525 1382 ex
1559 1343 1701 1396 quibus
1734 1355 1810 1386 ex-

525 1403 636 1458 pulsa
673 1414 775 1456 erat,
813 1404 982 1447 refluere
1003 1437 1015 1458 ‚
1051 1405 1184 1460 ficque
1216 1406 1456 1453 electricitas
1486 1407 1623 1449 omnis
1655 1409 1700 1451 in
1733 1419 1811 1466 ex-¹

525 1468 666 1510 teriori
702 1469 787 1510 tubi
820 1470 1034 1526 superficie
1067 1472 1209 1515 cessare
1242 1471 1367 1517 debet.

679 1567 713 1616 §.
756 1577 826 1615 31.
879 1568 1090 1623 Postquam
1143 1568 1313 1610 feliciter
1363 1566 1553 1612 cesserant
1613 1567 1809 1611 haetenus

523 1629 729 1672 institutae
764 1631 1061 1686 disquisitiones
1083 1666 1094 1687 ,
1129 1634 1330 1688 inquirere
1364 1636 1406 1675 in
1443 1644 1624 1676 mentem
1662 1636 1813 1687 veuit‚.

523 1707 625 1737 anne
657 1695 837 1751 poffibile
868 1699 995 1750 soret,
1029 1712 1107 1755 ope
1136 1699 1357 1742 barometri
1391 1710 1480 1741 eam
1516 1711 1679 1753 quoque
1707 1712 1807 1753 pro-

520 1761 668 1802 ducere
720 1761 1029 1806 electricitatem
1056 1795 1068 1816 ‚
1115 1776 1243 1819 quam
1297 1764 1527 1818 negatiuam
1573 1776 1810 1816 vocamus,

520 1834 639 1880 atque
674 1839 717 1867 re
752 1829 848 1869 bene
882 1829 1127 1873 considerata
1148 1862 1159 1882 ‚
1208 1844 1289 1873 non
1323 1828 1488 1872 difficile
1521 1828 1598 1870 fuit
1634 1831 1675 1870 in
1710 1841 1807 1871 me·

524 1890 637 1931 dium
672 1893 846 1935 incidere
870 1923 882 1944 ‚
924 1896 1031 1948 quod
1066 1896 1315 1948 experientia
1349 1894 1649 1949 comprobauit.
1730 1893 1807 1936 Se·

525 1957 661 2005 quenti
698 1971 847 2013 nempe
878 1963 1034 2005 ratione
1069 1960 1108 2001 in
1146 1959 1218 2004 hac
1252 1961 1484 2015 operatione
1528 1959 1803 2014 procedebam·

524 2017 761 2065 Inclinando
794 2025 980 2077 primum
1015 2027 1294 2069 barometrum
1317 2058 1331 2077 ‚
1375 2027 1632 2067 mercurium
1675 2035 1817 2077 vsquss·

522 2084 573 2132 nd
597 2087 693 2131 ,tubi
730 2088 1012 2140 summitatem
1044 2092 1245 2138 ascendent
1278 2093 1514 2145 faciebamt,
1537 2101 1708 2144 tumque
1733 2088 1802 2197 {o-

1768 2162 1802 2194 15
