2008 2735
525 164 617 214 306
716 154 817 199 DE
884 149 1572 195 ELECTRICITATE

523 273 681 317 induxi.
745 266 897 311 Partim
934 263 1045 307 erim
1077 266 1204 308 leuari
1241 267 1292 309 fic
1327 266 1433 322 poffe
1467 264 1612 314 dubia,
1645 265 1788 318 quibus

525 342 763 389 retinentur⁸
806 330 1073 383 physicorum
1126 331 1351 385 nonnulli,
1415 343 1463 370 ne
1516 329 1790 384 phaenomena

525 404 620 445 haec
655 399 860 441 cleetricae
895 395 936 436 xi
972 396 1150 436 tribuant
1173 427 1184 447 ,
1220 396 1328 451 poffe
1360 395 1565 437 credebam
1587 424 1598 444 ‚
1642 395 1792 449 partim

527 478 711 509 mancam
746 463 818 503 effe
840 493 851 513 ,
882 471 953 502 nec
990 461 1233 512 absolutam,
1267 462 1314 502 dc
1349 462 1677 502 barometrorum
1712 459 1795 500 ele-

526 532 723 573 e‘tricitate
763 527 991 568 doctrinam
1016 558 1027 578 ‚
1079 526 1391 578 existimabam,
1438 524 1634 580 quamdiu
1687 523 1793 577 leges

525 597 590 636 vis
639 593 877 634 attraffiuae
927 591 1259 631 bnrometrorum
1311 592 1350 630 in
1403 590 1535 632 lucem
1572 589 1793 641 plenariam

528 659 679 715 positae
714 671 792 699 non
845 654 979 696 effent.
1084 653 1218 696 Facile
1265 656 1427 709 quidem
1470 653 1624 695 theoria
1658 655 1759 695 duce
1783 685 1794 704 ,

531 724 666 780 quales
698 722 771 762 effe
805 721 969 762 debcant
1014 718 1085 760 hae
1119 718 1225 770 leges
1250 750 1261 771 ,
1314 720 1544 774 praeuidere
1580 728 1763 772 poteram
1788 749 1800 769 ‚

529 791 583 830 ast
636 801 714 828 non
767 789 891 840 pudet
947 795 1045 835 me,
1097 784 1244 833 fateri,
1288 794 1371 824 tam
1409 782 1697 824 meticulosum
1733 795 1800 822 me

531 854 604 894 effe
654 851 874 903 Phyficum
898 881 909 900 ‚
958 858 1003 888 vt
1055 849 1276 891 ratiociniis
1310 849 1350 888 in
1386 848 1644 901 Philoiophia
1680 857 1802 886 natu-

532 917 610 958 rali
646 930 762 969 aegre
804 915 926 955 fidem
980 912 1144 953 habeam
1166 945 1176 963 ‚
1230 913 1303 953 nisi
1357 913 1603 967 experientia
1657 914 1804 952 veritas

533 984 716 1035 ipsorum
751 978 1072 1031 comprobetur3
1108 978 1214 1016 vnde
1246 977 1389 1016 necesse
1423 977 1495 1017 effe
1518 1008 1529 1027 ‚
1573 987 1619 1017 vt
1653 975 1699 1016 ad
1730 987 1805 1017 ex-

536 1046 764 1100 perimenta
802 1041 1037 1097 procedatur
1065 1071 1075 1091 ,
1125 1041 1283 1094 ipsaque
1315 1041 1589 1091 interrogetur
1631 1050 1771 1080 natura
1794 1072 1806 1092 ‚

534 1109 724 1152 indicaui,

687 1192 719 1239 ξ.
758 1201 797 1239 7.
837 1189 894 1231 N(
911 1188 1055 1229 tiffima
1092 1188 1181 1228 sunt
1205 1220 1216 1239 ‚
1264 1199 1363 1240 quae
1398 1189 1500 1228 circ-„1
1550 1186 1808 1228 baromctro·

535 1266 633 1294 rum
669 1252 806 1294 lucem
842 1253 1043 1293 obseruata
1077 1252 1191 1302 sunt,
1227 1263 1352 1304 neque
1388 1252 1459 1290 nisi
1497 1251 1662 1288 vnicum
1684 1249 1807 1301 phae-

535 1329 741 1359 nomenon
774 1349 785 1368 ‚
836 1319 884 1359 ad
937 1316 1127 1357 haetenus
1176 1316 1337 1366 cognita
1386 1312 1632 1362 addendum,
1668 1311 1805 1354 habeo.

535 1381 646 1424 Cum
683 1394 780 1422 vcro
814 1382 897 1421 iam
959 1381 1036 1421 hoc
1090 1391 1243 1431 agam,
1310 1387 1358 1418 vt
1408 1391 1457 1418 an
1509 1387 1548 1417 et
1601 1378 1810 1430 quomodo

534 1447 813 1502 phaenomena
850 1445 917 1486 ista
950 1445 996 1486 ab
1029 1443 1288 1486 clee‘tricitatc
1321 1443 1515 1496 pendeant
1536 1471 1546 1491 ‚
1581 1440 1811 1495 inquiram,

537 1512 669 1554 breuis
700 1511 805 1551 mihi
842 1510 1028 1551 tradenda
1061 1510 1138 1549 erit
1174 1507 1357 1561 ipsorum
1394 1505 1571 1547 historiar.

686 1606 719 1653 ξ,
759 1611 795 1646 8.
833 1604 1107 1647 Notiffimum
1142 1605 1277 1659 itaque
1310 1605 1363 1647 est
1386 1635 1398 1657 ‚
1443 1616 1487 1644 ac
1520 1603 1810 1658 experimentis

539 1667 754 1709 certissime
787 1670 985 1722 crustum,

694 1745 825 1798 a)1n
862 1757 974 1802 parte
1023 1746 1240 1788 barometri
1292 1745 1464 1788 lucentis
1512 1748 1603 1786 a'e're
1655 1758 1813 1796 meua,

545 1809 695 1850 interea
728 1812 830 1852 dum
886 1812 1082 1853 descendit
1135 1813 1398 1864 mercurius,
1455 1811 1497 1851 in
1549 1809 1812 1851 oscillationes

544 1875 748 1926 agitatus,
797 1878 968 1931 conspici
1006 1877 1146 1918 lumen
1179 1877 1379 1930 quoddam
1434 1874 1633 1930 pallidum
1658 1904 1669 1925 ,
1717 1888 1814 1928 pcr-

547 1951 666 1990 qnam
703 1940 835 1983 simile
871 1942 929 1983 isti
950 1973 963 1994 ‚
1001 1943 1107 1996 quod
1141 1942 1257 1983 cdere
1290 1941 1415 1982 solent
1450 1953 1616 1993 corpora
1649 1940 1813 1980 electri-

548 2001 661 2042 ficata
682 2034 693 2052 ‚
734 2018 835 2059 quae
870 2017 982 2061 parte
1016 2007 1186 2061 quadarn
1221 2008 1262 2047 in
1297 2005 1471 2058 spatium
1507 2008 1599 2046 a'e're
1633 2015 1811 2044 vacuum

548 2066 712 2109 intrant.
780 2070 972 2117 Curatior
1006 2083 1143 2115 autem
1175 2072 1396 2116 obseruatio
1429 2071 1600 2121 docuit,
1629 2069 1713 2110 dari
1749 2067 1814 2105 in·

1753 2139 1813 2172 tel*
