2008 2735
562 202 617 230 ¹22
987 188 1103 242 σιοῖιὲξὲιξ
1136 186 1151 246 )
1189 201 1212 230 Ο
1253 185 1264 235 ζ
1296 187 1409 241 Ξ)Ξῖ-“ῗ<ια

559 305 634 347 alii
672 304 831 347 cuidam
870 303 1013 358 insigni
1039 306 1317 347 'incommodo
1348 304 1577 349 occurritur
1614 305 1655 347 in
1689 308 1837 361 vulga»

564 372 601 412 ri
636 370 930 412 construetione
966 383 1045 411 non
1079 372 1270 412 euitat-‚do
1291 403 1302 421 ,
1344 374 1449 425 quod
1482 383 1532 410 ex
1567 372 1687 411 radiis
1722 387 1837 426 pere-

564 435 691 488 grinis
727 435 869 476 obiec‘ti
909 436 1314 488 repraesentationem
1352 449 1430 476 non
1468 436 1724 477 mediocriter
1777 438 1839 476 in-

563 501 822 554 quinantibus
873 501 1017 540 oritur.
1116 500 1477 555 Quentadmocum
1525 502 1672 540 icilicet
1708 502 1746 539 in
1781 511 1838 540 te-

565 564 747 617 lescopiis
779 562 997 614 anglicanis
1029 576 1079 603 ex
1113 565 1285 617 quinque
1321 565 1385 604 vel
1421 566 1485 606 sex
1520 563 1689 605 lentibus
1722 578 1839 604 com-

565 628 707 684 positis
760 629 1130 680 repraeientationis
1181 629 1382 669 distinctio
1433 641 1481 668 eo
1521 631 1644 670 etiam
1680 630 1839 682 egregie

559 703 740 744 augetur
761 723 772 745 ‚
802 692 913 746 quod
949 691 1032 732 lens
1066 693 1107 732 in
1145 693 1193 732 iis
1224 703 1441 746 occurrat,
1495 705 1596 747 quae
1629 694 1679 734 ob
1713 694 1843 734 mini·

568 769 710 810 mam,
774 768 900 811 quam
952 757 1183 808 admittit,
1243 769 1476 811 aperturam
1527 757 1843 812 diapliragmatis

567 821 678 875 quasi
715 823 822 862 vices
858 821 1043 861 sustinens
1081 822 1209 861 radios
1245 825 1475 874 peregrinos
1508 822 1730 864 fclicitlinze
1772 834 1844 861 ex-

566 886 697 926 cludit
726 915 736 934 ,
772 896 899 937 neque
937 894 1069 925 tamen
1107 885 1171 923 rel
1203 884 1377 925 claritati
1414 889 1479 927 vel
1515 889 1648 939 campi
1685 886 1843 938 conspi-

566 951 634 990 cui
667 947 930 1001 amplitudini
966 947 1093 988 vllam
1126 948 1447 989 diminutionem
1480 950 1625 989 adfert:
1660 951 1712 990 ita
1734 949 1841 991 idem

566 1012 795 1055 artificium¹
845 1012 887 1051 in
941 1012 1305 1067 microscopiorum
1351 1013 1842 1067 construetione-optimo

565 1089 664 1119 cum
699 1076 863 1120 successu
899 1074 1084 1117 adhibere
1119 1077 1245 1127 licet;
1297 1089 1397 1130 quae
1429 1078 1592 1130 quidem
1645 1077 1841 1117 structura

567 1143 615 1184 ad
649 1142 915 1184 obtinendum
949 1142 1085 1194 campi
1119 1151 1391 1193 augmentum
1428 1141 1494 1181 sex
1529 1142 1701 1181 omnino
1756 1140 1844 1181 len-

569 1201 674 1248 tibus
726 1206 981 1256 amoliatur,
1033 1205 1138 1247 vnde
1201 1215 1338 1246 totum
1395 1204 1517 1245 liuius
1568 1205 1844 1245 dissertationis

573 1280 871 1324 argumentum
909 1271 950 1309 iu
986 1283 1035 1310 eo
1068 1271 1245 1311 versatur
1267 1302 1279 1322 ‚
1326 1278 1375 1310 vt
1407 1269 1658 1323 singularum
1695 1269 1845 1310 harum

572 1335 751 1377 lentium
788 1345 872 1376 tam
905 1335 1109 1377 distantiae
1143 1334 1286 1378 focales
1321 1347 1445 1389 quam
1482 1334 1693 1378 interualla
1746 1333 1847 1374 defi-

572 1401 768 1452 niantur,
817 1411 900 1454 quo
936 1401 1249 1454 microscopium
1288 1399 1328 1438 in
1363 1400 1430 1439 suo
1461 1411 1604 1450 genere
1641 1397 1848 1450 perfectis-

572 1465 726 1506 fimum
763 1465 967 1505 reddatur.
1035 1463 1146 1505 Cum
1182 1475 1283 1503 vero
1317 1461 1499 1502 infinitae
1533 1461 1734 1502 eiusmodi
1762 1463 1847 1502 mi-

569 1528 874 1581 croscopiorum
907 1529 1058 1568 formae
1091 1540 1141 1565 ex
1176 1524 1342 1565 diuersis
1394 1525 1663 1563 formularum
1688 1557 1699 1574 ,
1748 1536 1846 1578 quas

570 1591 638 1632 Ill.
679 1591 837 1632 AuCtor
870 1588 1024 1628 dudum
1059 1588 1141 1627 iam
1176 1599 1252 1641 pro
1284 1585 1648 1628 instrumentorum
1669 1589 1845 1640 dioptri-

571 1667 716 1696 corum
754 1653 1048 1695 constructione
1083 1651 1350 1703 omnibusque
1387 1652 1432 1692 ad
1467 1663 1611 1692 eorum
1633 1653 1846 1705 perfectio·

574 1733 669 1761 nem
706 1717 924 1760 necessariis
961 1717 1182 1756 momentis
1217 1716 1256 1756 in
1295 1715 1345 1756 T.
1383 1716 1508 1757 XIII.
1547 1718 1669 1759 Acad.
1706 1717 1842 1759 Berol.

575 1785 682 1825 dedit
704 1815 715 1834 ‚
764 1781 1163 1824 determinationibus
1194 1781 1333 1822 deduci
1370 1790 1545 1835 queant:
1601 1793 1664 1821 eas
1685 1811 1696 1832 ‚
1746 1794 1847 1835 quae

574 1849 666 1889 sunt
700 1847 747 1888 ad
782 1848 925 1901 praxin
960 1845 1421 1897 accommodatiffimae,
1456 1845 1573 1899 plene
1604 1844 1669 1887 hic
1700 1847 1848 1887 euolu-

577 1924 636 1953 tas
668 1913 861 1966 proponit
886 1943 896 1962 ‚
948 1923 1044 1964 quae
1077 1910 1139 1950 his
1175 1910 1394 1962 insignibus
1426 1912 1600 1961 gaudent
1633 1924 1849 1965 praeroga-

565 1978 701 2026 titiis,
736 1986 784 2017 vt
817 1989 891 2029 pro
928 1975 1231 2029 praegrandibus
1265 1976 1387 2014 etiam
1427 1975 1848 2029 multiplicationibus,

577 2039 709 2082 veluti
767 2047 1029 2090 mzz480‚
1082 2040 1169 2080 satis
1224 2040 1378 2080 modica
1428 2038 1682 2092 longitudine
1714 2040 1847 2081 conti-

579 2115 749 2148 neantur
802 2117 929 2160 neque
984 2114 1118 2146 tamen
1167 2102 1404 2146 lenticulam
1437 2106 1674 2147 obiectiuam
1708 2105 1847 2157 requi-

1753 2178 1842 2208 rant
