2008 2735
577 154 693 208 ”5³33
722 150 737 210 )
773 164 800 195 0
837 148 852 208 (
885 150 1002 204 &5³3⁰-
1367 165 1423 206 27

151 280 191 321 in
229 276 406 320 similem
436 269 716 314 ebullitionem
751 270 914 310 exciter.
1021 267 1175 310 Verum
1215 266 1291 310 hoc
1346 283 1426 312 non

147 345 299 386 fastum
334 342 395 383 est.
471 337 582 394 Quin
617 335 753 390 potius
785 334 967 375 adhibito
1000 332 1309 377 thermometro
1340 335 1428 378 Cel.

150 410 310 452 Auistor
359 402 497 454 vidit,
546 400 727 444 calorem
779 401 820 441 in
871 413 972 455 aqua
1007 399 1199 443 bulliente
1228 402 1428 444 exteriori

149 476 256 517 vltra
287 482 385 513 eum
417 469 588 522 gradum
613 498 624 519 ‚
663 467 732 521 qui
765 467 814 507 ad
847 465 1131 509 ebullitionem
1167 468 1392 521 requiritur
1415 498 1427 518 ,

146 538 277 590 augeri
315 547 394 576 non
431 534 535 589 posse
559 565 571 584 ‚
614 544 762 587 aquam
795 545 897 573 vero
932 532 974 572 in
1009 533 1099 575 vase
1132 532 1286 575 minori
1323 545 1424 574 con-

145 613 299 644 tentam
322 633 333 653 ,
368 599 497 642 calore
532 599 767 640 inferiorem
802 597 875 638 esse
906 610 1038 652 aqua,
1069 599 1109 639 in
1146 599 1291 641 maiori
1325 611 1425 641 con-

142 676 249 708 tenta
273 698 283 717 ,
320 665 505 719 gradibus
537 677 715 715 nouem,
748 674 943 717 tantoque
963 662 1198 706 inferiorem
1225 673 1428 718 perpetuo

138 744 302 775 manere
324 763 335 783 ,
369 733 536 785 ideoque
569 732 616 772 ad
649 729 934 771 ebullitionem
959 740 1168 784 nunquam
1190 731 1420 783 pervenire.

291 797 408 838 Idem
440 797 776 850 experimentum
808 807 909 836 cum
945 793 1091 847 spiritu
1128 796 1216 837 vini
1265 794 1420 835 testifi-

140 861 340 903 catiffimo
375 863 550 902 instituit
579 891 591 911 ,
624 859 845 911 eademque
879 857 1161 912 phaenomena
1183 859 1422 901 obseruauit.

143 927 300 967 Verum
335 938 432 966 cum
468 926 570 966 vino
591 955 602 974 ‚
653 935 753 964 cum
787 921 885 963 oleis
920 921 1088 976 aliisque
1122 922 1259 963 fluidis
1312 924 1422 966 idem

139 1004 221 1032 non
256 990 443 1032 successit.
542 986 722 1029 Transiit
751 985 862 1028 calor
893 998 947 1026 ex
981 985 1113 1028 fluido
1139 987 1338 1029 exteriori
1378 989 1422 1030 in

137 1056 178 1096 in
199 1057 306 1096 erius
329 1085 342 1107 ,
402 1055 526 1096 donec
562 1053 639 1095 hoc
672 1064 795 1107 aeque
826 1065 871 1094 ac
905 1048 1009 1096 illud
1044 1051 1215 1094 ebullire
1245 1054 1420 1107 ceperit.

134 1120 352 1162 Caeterum
374 1120 599 1161 notandum
633 1118 687 1160 est
709 1149 721 1169 ,
754 1117 850 1159 haec
882 1117 1163 1173 phaenomena
1196 1119 1423 1171 supradidta

133 1187 386 1239 contingere,
405 1186 505 1225 dum
528 1186 614 1225 vasa
634 1192 769 1238 aperta
796 1184 906 1234 sunt;
927 1182 956 1224 si
977 1183 1106 1224 clausa
1126 1185 1292 1234 fuerint,
1309 1182 1421 1227 calor

133 1251 278 1292 itidem
312 1253 358 1293 ad
393 1249 675 1292 ebullitionem
711 1248 929 1304 requisitus
962 1250 1309 1291 communicatur.

292 1317 379 1358 Post
412 1315 506 1357 haec
541 1315 921 1371 phaenomenorum
956 1314 1183 1356 relatorum
1237 1313 1422 1367 explica·

140 1377 296 1419 tionem
350 1380 510 1421 Austor
565 1381 767 1432 subiungit
796 1412 808 1429 ,
859 1394 983 1435 quam
1035 1394 1076 1422 in
1125 1394 1176 1422 eo
1229 1379 1383 1420 inuenit
1404 1408 1418 1430 ‚

137 1443 244 1496 quod
297 1456 400 1497 aqua
453 1444 501 1483 ad
550 1443 832 1486 ebullitionem
867 1457 1025 1484 certum
1062 1444 1206 1486 caloris
1239 1446 1417 1496 gradum

135 1509 348 1560 requirat,
399 1518 572 1559 eumque
595 1537 606 1556 ‚
657 1508 756 1545 dum
792 1507 915 1547 semel
947 1507 1069 1547 bullit
1091 1538 1102 1556 ‚
1146 1520 1271 1559 porro
1307 1517 1423 1547 tran-

132 1570 315 1612 scendere
364 1580 546 1623 nequeat.
647 1569 754 1611 Cum
804 1571 916 1610 enim
951 1568 1062 1609 calor
1095 1582 1146 1609 ex
1179 1583 1281 1624 aqua
1318 1569 1417 1610 vasis

134 1637 300 1677 maioris
334 1636 375 1676 in
408 1648 554 1690 aquam
576 1667 588 1688 ‚
634 1635 678 1676 in
714 1634 864 1675 minori
901 1644 1134 1676 contentam
1157 1666 1169 1685 ‚
1217 1636 1316 1676 adeo
1348 1647 1418 1676 vs-

131 1713 211 1754 que
245 1699 413 1742 transire
443 1714 523 1743 non
561 1702 680 1753 poffit
701 1732 711 1750 ‚
752 1701 854 1753 quin
889 1701 1044 1754 semper
1078 1700 1303 1742 diffizrentla
1336 1713 1416 1742 no-

133 1777 229 1806 vem
263 1766 463 1819 graduum
500 1766 606 1806 inter
659 1767 876 1819 Vtriusque
924 1777 1051 1819 aquae
1098 1764 1276 1809 calorem
1325 1777 1415 1806 rna-

133 1839 256 1881 neat;
304 1841 412 1886 patet
434 1863 446 1883 ‚
480 1830 558 1872 hoc
597 1833 721 1873 modo
754 1830 932 1874 calorem
968 1842 1093 1884 aquae
1128 1832 1168 1870 in
1205 1830 1295 1871 vase
1332 1829 1415 1869 mi-

135 1896 225 1935 nori
256 1896 412 1950 semper
447 1897 681 1939 inferiorem
719 1909 878 1938 manere
913 1910 996 1946 eo,
1047 1896 1120 1949 qui
1170 1896 1218 1936 ad
1265 1894 1415 1936 ebulli-

136 1960 290 2001 tionem
344 1963 581 2016 requiritur,
683 1963 891 2020 Quoniam
947 1974 1046 2002 vero
1096 1972 1196 2013 aqua
1230 1960 1274 2001 iu
1310 1959 1413 2002 vasis

137 2023 277 2066 clausis
309 2028 424 2081 super
456 2041 555 2068 eum
587 2029 761 2082 gradum
787 2060 799 2079 ‚
844 2026 916 2081 qui
949 2026 995 2066 ad
1031 2023 1310 2066 ebull'tionem
1347 2037 1413 2067 re·

133 2090 318 2144 quiritur
344 2122 355 2145 ,
386 2093 563 2138 calefieri
598 2095 757 2152 potest3
789 2094 894 2136 ratio
925 2091 1052 2135 simul
1080 2092 1269 2144 constat,
1314 2103 1417 2146 qua-

799 2159 825 2201 d
863 2171 889 2198 2
1373 2166 1418 2195 re
