2008 2735
564 158 682 212 »θ’-ἐξ
709 157 724 216 )
759 169 786 201 0
825 155 841 214 <
873 158 991 212 ἔρξω
1351 172 1413 212 43

140 281 253 324 dunt.
320 277 388 321 De
421 275 586 318 veritate
619 271 887 315 conclusionis
909 304 920 325 ,
972 284 1098 329 quam
1131 284 1185 315 ex
1224 273 1417 328 ingenti,

142 346 247 388 hisce
280 347 321 385 in
357 341 604 395 regionibus,
641 337 971 393 petrificatorum
1004 340 1121 394 copia
1151 348 1194 380 et
1226 352 1278 381 ex
1297 352 1417 395 prae-

141 412 262 451 sentia
297 408 421 448 modo
452 405 549 446 disti
585 403 714 446 schisti
747 403 893 457 rubri,
933 404 974 444 in
1007 405 1090 447 fine
1123 403 1243 446 huius
1275 404 1418 448 differ-

144 475 302 516 tationis
334 472 501 513 deduxit
534 470 569 510 b.
607 469 770 512 Auctor
792 500 803 522 ‚
854 482 977 512 nemo
1010 469 1126 513 facile
1184 470 1382 512 dubitabit
1403 502 1415 523 ‚

141 550 287 591 nempe
319 548 462 577 omnes
498 536 585 577 istas
618 537 802 588 regiones
823 566 833 586 ‚
878 534 1264 588 Nouogrodiensem
1299 536 1416 590 prin-

136 603 320 656 cipatum
343 632 354 652 ‚
388 601 628 653 Estonimn,
660 601 925 654 Ingriamque
957 600 1062 644 olim
1096 600 1208 643 fuisse
1242 602 1417 645 inunda-

136 676 192 709 tas
220 676 261 708 et
295 667 409 722 aquis
443 667 612 708 marinis
652 665 880 708 submersas.

695 790 852 853 VIII.

138 895 233 956 De
301 897 666 956 Formatione
736 891 1141 956 Intestinorum
1221 896 1418 959 Obstr-

306 984 565 1040 vationes
639 982 696 1041 in
775 982 897 1039 ouis
965 979 1244 1040 incubatis

623 1064 930 1128 institutae.

139 1231 145 1235 ·
223 1199 484 1263 Au&ore
530 1203 600 1264 C.
647 1204 707 1265 F.
756 1198 967 1267 Wolff.
1013 1221 1143 1286 pag.
1192 1222 1326 1283 403.

139 1347 293 1464 Oua
326 1361 506 1402 incubata
539 1362 694 1404 sontem
728 1362 839 1416 nobis
856 1362 1108 1418 suppeditare
1131 1393 1143 1415 ,
1176 1363 1283 1405 vnde
1305 1361 1422 1405 mul·

277 1431 315 1464 ta
353 1423 549 1477 praeclara
583 1434 623 1465 et
655 1425 868 1467 vtiliffima
891 1458 903 1477 ,
956 1438 1042 1472 tam
1085 1429 1313 1479 generatim
1369 1426 1419 1470 ad

136 1489 365 1529 vniuersam
403 1487 708 1542 physiologiam
731 1520 741 1539 ‚
792 1502 916 1543 quam
954 1491 996 1531 in
1032 1491 1161 1543 specie
1195 1493 1243 1532 ad
1297 1490 1421 1532 theo-

133 1554 239 1592 riam
273 1553 546 1603 generationis
582 1550 797 1605 spec'tantia
831 1556 1026 1605 dogmata
1062 1553 1222 1593 hauriri
1250 1553 1420 1606 poffent,

132 1630 210 1658 vna
243 1627 340 1657 cum
373 1616 558 1659 Haruaeo
579 1646 591 1668 ‚
623 1614 838 1671 Malpighio
860 1648 872 1669 ‚
921 1616 1080 1659 Hallero
1101 1647 1114 1668 ‚
1163 1617 1340 1658 summis
1374 1620 1418 1660 ln

131 1680 371 1723 obseruanda
424 1691 565 1722 natura
619 1680 720 1721 viris
744 1712 755 1731 ,
808 1680 970 1724 Audtor
1024 1682 1180 1724 merito
1213 1682 1420 1736 credidit3

130 1748 299 1801 ideoque
334 1757 355 1785 a
389 1748 538 1800 quouis
574 1745 820 1801 phyfiologo
855 1758 1064 1801 nunquam
1100 1747 1191 1788 satis
1248 1748 1419 1789 scrutari

134 1812 239 1864 poffe
289 1810 362 1851 has
406 1813 684 1854 animantium
734 1810 971 1854 volatilium
1031 1812 1248 1864 officinas,
1309 1813 1418 1855 reete

135 1876 334 1929 persuasus
363 1877 427 1918 est.

291 1962 414 2004 Nunc
450 1965 532 2006 iam
566 1964 707 2007 seriem
743 1963 1072 2006 obseruationum
1097 1994 1108 2014 ‚
1142 1963 1234 2005 inde
1266 1963 1416 2018 petita-

136 2037 232 2066 rum
268 2029 383 2067 offert
408 2061 417 2079 ,
448 2041 625 2084 quarum
661 2029 883 2084 primarius
916 2028 1009 2069 finis
1042 2029 1096 2070 est
1122 2059 1134 2080 ,
1185 2038 1232 2069 vt
1259 2060 1269 2080 ‚
1311 2043 1415 2084 quo-

135 2092 257 2134 modo
290 2092 472 2136 intestina
507 2095 550 2135 in
582 2107 752 2150 corpore
786 2092 952 2136 animali
1005 2095 1235 2136 formentur
1259 2127 1271 2149 ‚
1323 2095 1416 2135 inde

772 2158 795 2197 f
823 2170 848 2197 2
1316 2158 1410 2199 elu-
