2008 2735
513 158 606 206 296
799 150 900 193 DE
969 149 1510 195 EXCEPTIONE

511 267 636 308 &aria
672 267 991 322 progrediamur.
1068 266 1282 308 Ernendae
1318 266 1443 318 igitur
1480 267 1567 308 sunt
1605 267 1782 321 phaeno-

512 345 730 374 menorum
767 330 916 373 caussae
948 341 1150 385 quantum
1188 331 1273 374 ficri
1312 333 1436 386 potest
1460 363 1471 383 ,
1530 330 1608 372 sine
1640 335 1784 386 quibus

511 398 728 450 exp12catio
761 409 855 437 vere
895 393 1055 449 physica
1108 396 1249 439 locum
1301 397 1441 439 habere
1496 410 1574 437 non
1628 399 1786 450 potest,

511 462 607 502 adeo
635 474 796 516 qnoque
829 460 939 502 nulla
975 461 1359 515 phaenomenorum
1393 463 1577 513 cognitio
1607 461 1787 517 philolo-

510 525 653 579 phica,
682 539 776 568 vera
811 528 1002 567 animum
1038 525 1249 580 voluptate
1283 528 1497 570 afficiente.

649 592 804 632 Omnia
857 591 1137 647 phaenomena
1189 590 1380 633 haetenus
1434 590 1534 632 mihi
1601 589 1789 633 rccenfita

510 655 681 697 redeunt
715 658 761 698 ad
795 668 938 708 genera
979 657 1095 708 duo,
1146 669 1326 709 quorum
1382 656 1555 697 fluidum
1609 656 1785 696 alterum

513 718 684 761 bulliens
710 720 973 763 bullitionem
1020 722 1240 775 producere
1295 722 1335 762 in
1386 721 1502 773 alio,
1553 722 1593 761 in
1651 721 1786 761 medio

477 791 480 794 '
509 784 664 838 posita,
697 801 776 828 non
815 787 973 840 potest;
1008 785 1183 829 alterum
1224 798 1322 827 vero
1359 786 1493 839 potest.
1564 784 1785 825 Nimirum

509 861 611 902 aqua
643 862 684 892 et
720 852 884 904 spiritus
920 852 1008 893 vini
1044 851 1396 892 reffificatissimus
1429 849 1690 891 bullitiontm
1746 849 1785 889 in

510 914 601 954 aliis
633 915 792 957 efficcre
830 925 1032 968 nequeunt
1054 947 1065 966 ,
1119 916 1147 956 si
1187 915 1225 955 in
1261 918 1351 956 a'e're
1385 926 1560 968 aperto,
1612 915 1650 954 in
1699 912 1784 954 vase

515 989 597 1017 non
633 979 764 1019 eliuth
793 979 1020 1027 ebulliant,
1073 990 1114 1019 et
1149 991 1192 1018 ea
1226 981 1401 1030 cingant.
1469 979 1621 1020 Contra
1654 979 1788 1032 liquo-

514 1052 578 1080 res
612 1055 751 1083 omnes
786 1045 906 1083 ceteri
942 1042 1151 1083 bullientes
1176 1073 1187 1091 ‚
1221 1042 1320 1080 alios
1342 1072 1352 1091 ,
1386 1055 1484 1094 quos
1518 1043 1786 1091 circumdant,

512 1104 724 1148 bullientes
759 1108 915 1149 efficere
951 1105 1109 1160 possunt
1144 1116 1183 1145 ct
1221 1105 1354 1145 solent.
1439 1104 1661 1160 Quomodo
1707 1106 1787 1155 igi-

515 1178 584 1209 tur
635 1171 788 1212 horum
844 1171 1221 1225 phaenomenornm
1282 1169 1404 1209 canss‘a
1459 1168 1567 1208 reddi
1626 1163 1786 1220 potest?

511 1233 579 1274 Ad
614 1233 891 1287 phaenomena
924 1246 1046 1287 aqu-„ie
1081 1244 1119 1273 ct
1157 1233 1323 1287 spiritns
1358 1233 1443 1272 vini
1471 1231 1786 1271 rectificatiffimi

502 1296 617 1350 ,quod
670 1302 849 1349 attinet,
898 1310 1044 1338 corum
1096 1299 1203 1337 ratio
1258 1295 1480 1349 quaerenda
1527 1295 1582 1336 est
1632 1295 1674 1334 in
1706 1306 1788 1345 eo,

510 1361 620 1414 quod
670 1363 713 1404 in
761 1363 1003 1404 ebullitione
1054 1361 1299 1401 constantem
1352 1359 1550 1398 retineant
1598 1369 1786 1408 gracum.

511 1424 626 1468 Nam
649 1458 661 1478 ‚
713 1439 843 1480 quum
895 1425 1121 1467 differentia
1160 1426 1266 1465 inter
1301 1436 1441 1478 aquam
1475 1422 1712 1464 bullientem
1749 1431 1789 1462 et

511 1502 600 1531 eam
623 1521 635 1541 ‚
667 1504 767 1546 qnae
800 1491 846 1532 ab
878 1504 923 1533 ea
957 1490 1234 1531 circumdatur
1268 1487 1319 1530 sit
1353 1501 1381 1538 9
1417 1489 1618 1540 graduum
1643 1519 1654 1537 ‚
1728 1487 1787 1527 se-

511 1556 654 1608 qnitur
686 1567 733 1597 vt
763 1557 808 1597 ad
845 1556 1042 1609 punitum
1072 1555 1218 1596 caloris
1251 1554 1298 1594 ad
1333 1551 1610 1595 ebullitionem
1645 1552 1785 1604 requi-

512 1618 576 1662 siti
612 1634 711 1675 aqua
752 1621 790 1661 in
834 1622 993 1662 minore
1032 1621 1119 1661 vase
1171 1619 1381 1673 peruenire
1435 1627 1635 1670 nequeat,
1688 1616 1785 1656 adeo

511 1696 674 1739 quoqne
706 1684 871 1728 ebullire
905 1686 947 1726 in
982 1687 1074 1727 a'e‘re
1103 1695 1245 1738 aperto
1268 1714 1280 1734 ‚
1313 1684 1353 1724 in
1392 1682 1479 1721 vase
1516 1694 1593 1721 non
1629 1679 1784 1732 clauso,

511 1761 722 1804 nunquam
776 1751 904 1805 polilt.
1003 1751 1076 1791 Pnr
1112 1751 1217 1792 ratio
1247 1743 1302 1789 est
1337 1746 1480 1787 similis
1516 1744 1783 1799 plmenomcni

510 1814 675 1868 spiritus
708 1816 795 1856 vini
834 1813 1161 1857 restificatiffimi.
1229 1812 1339 1854 Nam
1376 1821 1416 1852 et
1448 1810 1537 1861 hic,
1572 1811 1628 1850 vti
1667 1822 1784 1861 aona,

510 1881 657 1922 retinet
694 1880 800 1922 inter
833 1879 1109 1922 ebulliendum
1145 1879 1391 1920 constantem
1423 1875 1566 1916 caloris
1597 1875 1781 1926 gradum.

514 1941 659 1997 Quum
694 1945 820 1997 igitur
853 1945 1075 1986 differentia
1110 1944 1215 1984 inter
1256 1942 1444 1995 spiritum
1481 1940 1567 1980 vini
1609 1937 1785 1980 bullien-

515 2016 600 2050 tem
622 2039 634 2059 ,
668 2019 707 2050 et
744 2023 823 2052 non
857 2010 1096 2054 bullientem
1119 2040 1130 2058 ,
1172 2007 1266 2047 licet
1300 2020 1321 2047 a
1354 2005 1546 2047 bulliente
1584 2003 1783 2052 cinctum,

516 2068 567 2115 fit
598 2081 639 2121 et
672 2084 834 2115 mancat
868 2086 1044 2133 quatuor
1082 2073 1322 2132 graduum3
1372 2070 1488 2115 facile
1537 2067 1780 2171 conspilcitur

1683 2141 1779 2171 iunc
