2008 2735
135 498 225 550 Fig.
263 508 303 546 7.

355 186 1171 231 INTESTINORVM
1316 198 1403 238 507

343 302 458 342 nistra
482 332 494 351 ,
550 312 649 354 quae
692 300 785 342 licet
822 298 1004 340 videatur
1039 312 1090 341 cx
1125 302 1215 342 foffit
1252 301 1405 342 laterali

340 377 580 418 emergere,
630 375 765 405 tamen
820 375 867 406 vt
916 365 1058 406 dextra
1092 378 1143 406 ex
1176 365 1302 407 fistula
1345 368 1406 406 in·

341 430 511 472 testinali
547 432 694 471 oritur.

340 495 428 536 Pars
461 507 575 536 areae
611 495 859 546 vasculosae,
888 507 988 550 quae
1019 495 1286 548 embryonem
1308 508 1407 536 con-

339 560 440 601 tinet
461 591 473 612 ,
506 562 647 602 amnio
683 562 822 617 spurio
859 559 1120 612 inuolutum,
1150 573 1203 601 ex
1228 573 1312 602 ouo
1332 565 1402 602 60.

334 624 547 667 horarum.

256 705 347 734 am
375 692 582 732 Amnium
619 691 801 746 spurium
835 692 1044 743 integrum
1092 689 1146 740 (§.
1194 694 1254 739 36
1276 712 1294 718 -
1316 687 1408 743 49.)

339 753 374 796 b.
411 768 449 796 a.
487 756 518 798 h.
566 759 712 808 vagina
751 757 894 809 capitis
938 757 992 806 (ξ.
1030 754 1120 811 39.)
1154 769 1186 796 c.
1206 768 1238 796 c.
1274 765 1406 810 partes

339 818 471 861 bullae
505 819 684 864 laterales
718 819 768 874 (§.
803 818 903 875 41.).
1396 827 1398 829 '

257 887 334 929 dd.
370 884 636 927 inuolucrum
669 887 814 928 caudae
847 882 891 939 (ξ.
932 881 1021 940 40.)
1080 883 1158 939 e.f.
1177 885 1203 926 i.
1220 895 1258 938 g.
1311 896 1404 924 em-

335 950 439 1001 bryo
483 964 553 1005 per
589 951 871 993 membranam
904 948 1034 991 bullae
1076 959 1339 1003 transparens.
1361 948 1402 1002 f.

336 1016 500 1068 occiput
530 1016 774 1067 embryonis.
805 1027 847 1066 g.
885 1012 1147 1054 tuberculum
1179 1014 1288 1066 pedis
1306 1013 1405 1053 dex-

329 1088 464 1119 trum.
500 1078 776 1133 h.1vropygii'
808 1078 1087 1130 primordium
1110 1108 1121 1127 ,
1157 1077 1266 1118 idem
1296 1077 1405 1130 quod

331 1153 359 1183 0.
398 1142 465 1194 fig.
507 1153 528 1191 5
565 1153 605 1184 et
640 1156 678 1186 v.
717 1143 787 1196 fig.
808 1145 850 1183 6.
874 1145 900 1184 i.
921 1140 1180 1184 tuberculum
1202 1140 1285 1181 alae
1306 1140 1405 1182 sini-

332 1206 476 1245 strum.
513 1208 548 1245 k.
585 1208 698 1246 fouea
731 1207 910 1247 cardiaca
944 1218 986 1247 et
1019 1208 1106 1245 eius
1149 1205 1299 1245 limbus
1356 1207 1403 1254 (5.

336 1278 393 1317 50
415 1292 434 1298 -
461 1261 553 1319 57.)
588 1269 611 1311 l.
648 1267 785 1311 sutura
820 1272 867 1320 (ς.
910 1276 966 1319 58
989 1291 1006 1300 -
1030 1265 1123 1323 64.)
1158 1282 1206 1309 m.
1243 1268 1402 1309 foueola

332 1334 499 1375 inferior
551 1333 602 1385 (ς.
654 1336 710 1383 65
736 1333 866 1390 -73.)
918 1346 996 1376 nn.
1049 1333 1170 1375 limbi
1209 1332 1403 1386 suturae,

331 1396 455 1440 iidem
479 1429 490 1448 ‚
523 1400 593 1453 qui
629 1411 665 1439 n.
687 1412 737 1440 m.
774 1399 842 1452 fig.
881 1401 924 1438 6.
958 1408 999 1440 et
1033 1410 1150 1439 m.m.
1182 1396 1254 1451 fig.
1292 1408 1333 1447 5.
1367 1410 1402 1439 0.

331 1463 600 1506 interstitium
633 1464 740 1505 inter
775 1463 975 1505 limbuma
993 1463 1268 1504 bdominalem
1289 1462 1403 1503 etil-

328 1527 421 1570 lum
476 1527 743 1571 intestinalem
770 1561 781 1581 ‚
833 1530 940 1570 idem
977 1529 1084 1583 quod
1117 1541 1152 1582 q.
1175 1541 1209 1568 r.
1248 1526 1318 1579 fig.
1356 1531 1400 1568 6.

320 1601 358 1648 p.
378 1593 548 1635 vlimbus
582 1593 764 1636 foueolae
798 1594 1010 1635 inferiorzs.
1042 1606 1080 1647 q.
1115 1604 1215 1634 vena
1241 1592 1401 1633 adscen-

330 1660 433 1702 dens.
472 1674 504 1700 r.
525 1671 555 1699 r.
594 1661 682 1700 eius
716 1658 874 1701 ramuli.
911 1671 945 1699 s.
998 1667 1099 1700 vena
1152 1656 1401 1698 adscendenti

328 1735 465 1765 comes
487 1756 498 1776 ‚
552 1736 680 1778 prope
730 1724 893 1764 foueam
923 1723 1149 1765 cardiacam
1185 1733 1397 1774 emergens

328 1788 483 1833 duobus
517 1790 641 1831 ramis
663 1819 676 1840 ‚
717 1787 847 1829 altero
880 1788 1131 1830 adscendente
1164 1784 1295 1827 altero
1327 1787 1399 1827 de-

329 1854 539 1897 scendente.
580 1863 612 1896 t.
645 1853 768 1894 huius
800 1852 965 1896 ramuli.
999 1866 1036 1894 u.
1085 1862 1188 1893 vena
1240 1850 1399 1892 descen-

330 1918 431 1962 dens.
484 1932 523 1963 x.
544 1932 584 1961 x.
639 1918 758 1960 limbi
814 1915 1086 1961 abdominales
1107 1946 1119 1967 ‚
1169 1913 1252 1969 qui.
1313 1916 1348 1957 k.
1371 1914 1394 1958 I.

332 1981 400 2034 fig·
436 1985 466 2021 6
515 1994 556 2028 et
590 1983 656 2025 Ι.Ι.
694 1983 762 2036 fig.
812 1992 848 2032 5.
890 1997 930 2034 y.
983 1982 1098 2035 regio
1148 1979 1294 2032 pubis,
1342 1992 1395 2022 cx

331 2048 616 2090 coniunctione
646 2047 877 2090 limborum
911 2043 1236 2090 abdominalium
1271 2055 1360 2088 orta
1382 2076 1394 2098 ‚

329 2123 443 2168 quae.
479 2125 514 2155 s.
549 2113 619 2169 fig.
652 2116 696 2154 6.

696 2173 724 2221 S
744 2187 762 2218 s
780 2187 798 2216 s
831 2188 856 2216 ο
1292 2174 1394 2230 0135
