2008 2735
587 191 703 244 -sote
736 187 749 247 )
785 204 811 232 0
848 190 864 248 (
895 192 1449 244 &ee-1¹

768 302 869 362 IV.

186 425 276 481 De
343 416 439 476 vsu
505 416 840 497 algorithmi
907 415 1332 479 infinitesimalis
1399 418 1456 477 in

551 519 671 561 arte
715 502 1095 562 conicitandi.

245 637 424 701 Αυξὶ.
484 637 723 698 Daniele
783 637 1065 697 Bernoulli
1113 658 1244 721 pag.
1293 642 1390 716 87.

181 789 395 904 Calculi
449 801 719 855 probabilium
770 803 944 857 quisquis
998 804 1044 845 ad
1093 806 1307 859 complura
1344 803 1457 848 vitae

308 868 464 918 negotia
497 869 574 908 late
610 875 812 918 patentem
849 869 1060 920 perpendit
1094 870 1245 921 vsum3
1293 871 1458 912 nobilis·

183 929 328 971 simam
366 930 464 969 hanc
496 931 698 969 scientiam
735 934 814 968 no'n
849 943 898 970 eo
919 961 930 980 ‚
971 932 1080 983 quod
1114 931 1237 984 ipfius
1274 946 1456 976 meretur

180 995 354 1045 dignitas
375 1025 385 1044 ,
424 995 552 1034 studio
581 993 724 1033 nostris
755 994 1010 1046 temporibus
1039 994 1200 1048 excoli,
1232 998 1286 1039 est
1305 1029 1318 1050 ‚
1349 999 1458 1052 quod

181 1058 270 1098 iure
301 1060 491 1098 miretur.
557 1058 635 1098 Ars
667 1057 779 1097 enim
812 1059 1061 1100 conicetandi
1098 1072 1176 1100 non
1209 1062 1257 1102 de
1297 1065 1458 1105 acumi-

185 1135 236 1163 ne
270 1121 400 1163 solum
440 1122 589 1174 ingenii
627 1120 796 1161 humani
834 1124 1033 1175 praeclara
1069 1122 1166 1166 sistit
1202 1127 1454 1180 specimina,

183 1187 245 1227 (ed
276 1200 326 1228 eo
359 1188 393 1229 se
455 1186 708 1241 potissimum
763 1189 929 1228 nomine
975 1190 1268 1243 commendat,
1315 1194 1458 1246 quod,

182 1263 278 1305 quae
311 1252 357 1292 ad
391 1251 566 1292 astiones
599 1250 768 1303 prouide
803 1251 1041 1306 vtiliterque
1075 1255 1302 1307 dirigendas
1339 1268 1380 1298 et
1407 1259 1456 1300 ad

185 1316 316 1356 varias
338 1347 350 1367 ,
398 1327 540 1369 easque
591 1316 743 1355 summi
782 1327 1072 1372 nonnunquam
1107 1321 1155 1360 ad
1188 1321 1364 1363 ciuitatis
1399 1323 1460 1363 sa·

186 1376 318 1417 tutem
373 1380 608 1430 momenti,
656 1380 898 1433 quaestiones
950 1382 1136 1434 politicas
1184 1396 1226 1425 et
1285 1385 1459 1428 morales

182 1441 428 1482 dirimendas
462 1443 664 1492 pertinent
700 1443 862 1493 regulae
889 1474 901 1493 ,
934 1457 1002 1487 eae
1035 1448 1122 1501 sepe
1155 1460 1332 1495 numero
1365 1451 1459 1494 indo

185 1504 265 1546 fint
297 1503 542 1558 repetendae.

337 1589 492 1644 Hospes
532 1598 667 1629 tamen
704 1589 744 1629 in
781 1599 917 1631 rerum
956 1589 1343 1637 mathematicarum
1393 1596 1459 1640 hi-

185 1654 302 1696 storia
338 1652 387 1693 stt
409 1685 421 1705 ,
468 1665 589 1707 quem
627 1653 827 1707 praeclara
862 1653 1012 1696 lateant
1045 1657 1202 1712 studia,
1239 1674 1260 1701 a
1296 1663 1463 1706 summo

183 1718 430 1770 Geometra,
464 1717 625 1759 Daniele
660 1717 886 1770 Bernouilli,
920 1720 1076 1761 dudum
1113 1725 1154 1764 in
1190 1736 1234 1764 ea
1269 1729 1462 1769 excolen-

183 1784 231 1824 da
264 1784 462 1837 nouisque
495 1782 723 1834 adaugenda
759 1784 962 1826 methodis
1005 1786 1130 1840 pofita
1153 1820 1165 1840 ,
1213 1792 1283 1842 qui
1335 1791 1461 1834 simul

187 1847 465 1902 multiplicem
500 1847 587 1887 eius
621 1847 736 1887 vsum
772 1850 878 1891 inter
909 1849 1122 1903 complura
1166 1852 1383 1905 specimina
1415 1859 1460 1899 in

187 1913 414 1964 grauissima
446 1911 637 1966 inprimis
669 1922 790 1968 atque
824 1915 869 1955 ad
905 1915 1031 1954 totius
1063 1915 1143 1956 fere
1177 1919 1334 1968 generis
1376 1919 1461 1962 hu·

189 1977 300 2016 mani
350 1977 520 2018 salutem
558 1976 784 2030 pertinente
801 1978 1097 2033 disquisitione,
1132 1981 1182 2021 de
1207 1983 1460 2028 variolarum

187 2040 415 2093 insertione,
449 2039 606 2082 insolita
639 2041 857 2093 Analyseos
890 2044 1012 2098 specie
1043 2045 1137 2085 vsus
1169 2046 1323 2089 abunde
1342 2061 1463 2092 com-

188 2104 392 2159 probauit.
490 2104 612 2147 Noua
646 2117 748 2148 vero
780 2110 872 2148 {unt
902 2119 944 2151 et
979 2121 999 2151 a
1033 2109 1199 2153 nemine
1238 2112 1369 2158 adhuc
1417 2117 1463 2159 in

795 2170 881 2212 b2
1381 2177 1462 2226 hoe
