2008 2735
348 193 730 247 mmmmm„
784 194 1130 237 FVNOEOSAE.
1279 199 1366 245 567

109 322 258 365 poi-nm
294 306 481 359 Capitula
506 336 516 355 ,
572 306 617 344 iis
651 306 824 346 omnino
860 304 1006 346 similia
1032 338 1043 356 ,
1089 308 1233 359 quibus
1275 308 1372 348 reli-

107 389 207 430 qnae
240 383 435 425 aquarum
471 370 655 411 dulcium
687 371 931 410 ‘subtil-„iriae
968 370 1188 412 florestunt.

252 435 419 478 Detec‘m
454 445 591 475 aurem
627 436 702 475 {uit
739 434 944 476 Tubu'aria
979 435 1143 489 cmngosa
1166 469 1175 487 ,
1229 430 1369 490 (quam

104 504 155 545 sic
188 502 236 541 ob
270 500 521 540 substantiam
559 500 733 552 spongiis
769 498 955 539 inmunis
991 500 1236 542 lnblimilem
1282 503 1371 541 iure

104 565 293 621 appellari
328 563 432 617 posse
466 564 600 615 credo)
624 595 634 614 ‚
675 566 716 604 in
754 564 886 615 stagno
917 565 1094 617 quodam
1117 597 1126 612 ‚
1164 566 1229 606 via
1263 566 1372 606 vltra

103 643 180 673 tres
213 641 437 683 quatuoruc
468 628 609 681 passim
647 630 759 681 pedes
807 628 921 668 vllibi
981 630 1180 681 profundo
1203 659 1214 678 ,
1263 629 1372 683 quod

104 695 363 748 septingentis
399 694 477 734 fere
506 694 551 734 ab
586 694 682 734 vrbe
736 692 1027 734 Wolodimero
1050 724 1061 744 ,
1115 695 1250 735 versus
1302 706 1374 733 au>-

104 760 232 800 strum
260 790 271 809 ,
324 758 485 812 patlibus
507 790 517 808 ,
569 757 610 797 in
649 757 872 799 Kllasmam
909 748 1087 798 fluuium
1113 789 1124 809 ,
1175 757 1247 813 qui
1282 759 1375 798 inde

103 824 200 864 far-‘ta
236 823 343 877 quali
380 821 504 862 inlula
537 821 584 861 ad
619 822 742 874 ipsam
800 823 938 862 vrbem
993 822 1152 872 tendit,
1203 821 1375 862 effundi-

105 898 170 928 tnr
192 920 201 937 ,
239 889 473 939 magnisque
502 885 732 938 ambagibus
753 916 764 935 ,
809 899 876 938 per
912 887 1105 926 limosum
1141 886 1279 939 primo
1311 886 1375 926 so-

104 952 229 1002 lum,
271 962 311 993 et
344 953 449 991 inter
482 949 606 990 cliuos
639 951 799 990 tandem
835 951 1015 990 arenosos
1050 950 1122 991 sese
1156 950 1338 990 extendit
1361 980 1372 999 ‚

105 1017 237 1056 fluuio
261 1046 272 1064 ‚
303 1028 426 1069 quam
461 1014 562 1056 lacui
598 1013 780 1054 similior.
849 1015 1030 1054 Vocatur
1050 1013 1170 1054 hocce
1189 1014 1374 1065 stagnum

103 1084 150 1123 ab
185 1081 344 1121 vrbanis
375 1076 607 1136 (campinia)
641 1076 812 1118 Stat-iza
834 1107 844 1126 ,
898 1079 1124 1132 diciturque
1156 1076 1260 1117 olim
1293 1076 1376 1116 flu-

102 1156 197 1187 men
232 1144 338 1184 hunc
370 1141 504 1195 ipsum
538 1142 703 1183 cursum
736 1140 899 1181 tenuisse
921 1173 932 1192 ‚
981 1154 1105 1194 quem
1137 1142 1267 1193 postea
1309 1154 1377 1182 re-

102 1208 225 1250 c‘tiori
277 1207 344 1245 via
394 1206 580 1254 direxit,
630 1205 685 1242 ita
737 1211 784 1243 vt
837 1206 1010 1257 superius
1059 1205 1215 1256 antiqui
1269 1203 1377 1244 finus

103 1273 250 1314 ostium
273 1299 285 1320 ‚
335 1278 558 1309 ventorum
610 1276 657 1308 vt
691 1266 855 1307 videtur
888 1268 1029 1309 effifflu
1052 1299 1064 1317 ,
1114 1267 1260 1309 harena
1295 1266 1376 1308 late

104 1349 208 1377 nunc
240 1334 436 1374 obrutum
473 1332 554 1384 sit,
604 1332 716 1372 etin
752 1330 935 1385 stagnum
972 1342 1081 1374 totus
1129 1331 1200 1373 ille
1252 1344 1376 1387 aqua-

107 1413 204 1442 rum
240 1397 390 1438 traetus
424 1397 578 1438 abierit.

262 1462 428 1504 Fundus
463 1462 585 1514 stagni
621 1461 662 1505 in
697 1459 789 1502 loco
820 1460 1003 1502 inffiriori
1033 1461 1260 1502 maximam
1283 1472 1375 1513 par«

108 1539 191 1569 tem
226 1528 328 1569 limo
363 1524 483 1568 molli
518 1526 666 1567 constat
687 1555 699 1575 ,
747 1535 788 1566 et
821 1526 1030 1579 imprimis
1064 1525 1248 1566 luxuriat
1284 1525 1375 1564 Tu-

107 1592 258 1633 bularia
292 1589 478 1644 Fungosa
499 1623 509 1642 ‚
562 1591 629 1632 vbi
660 1590 787 1631 limus
820 1591 1020 1642 abundat3
1075 1591 1116 1631 in
1171 1591 1377 1644 superiore

108 1658 231 1709 stagni
265 1656 354 1698 loco
386 1658 570 1706 arenoso,
599 1663 638 1696 et
675 1655 716 1696 in
753 1653 837 1708 ipso
868 1654 999 1695 fluuio
1032 1667 1080 1695 ne
1115 1667 1246 1696 vnum
1281 1655 1377 1708 qui-

55 1730 57 1733 '
106 1722 199 1762 dem
237 1721 319 1761 eius
368 1721 568 1774 specimen
616 1721 801 1760 inuenire
854 1720 982 1774 potui.
1080 1721 1197 1773 Aqua
1250 1719 1374 1770 stagni

108 1782 324 1838 tranquilla
357 1786 412 1827 est
432 1816 443 1835 ‚
495 1796 622 1839 neque
655 1794 876 1827 renouatur
898 1816 909 1834 ‚
961 1783 1034 1825 nisi
1066 1796 1198 1837 quum
1232 1792 1377 1823 ventus

110 1862 131 1889 e
182 1848 350 1891 flumine
398 1849 605 1904 impellit,
655 1860 726 1890 aut
776 1848 988 1890 collectam
1024 1847 1176 1889 relaxat
1211 1859 1373 1901 aquam.

109 1916 148 1956 Α
185 1912 265 1953 sole
297 1922 493 1967 praeterea
525 1915 680 1970 semper
715 1913 895 1969 tepidula
927 1914 981 1954 est
1003 1944 1014 1962 ‚
1064 1925 1192 1967 neque
1251 1911 1376 1953 incle-

110 1977 310 2018 mentiore
345 1979 605 2032 tempestate,
639 1990 688 2020 vt
723 1980 764 2020 in
797 1980 883 2033 ipso
913 1977 1085 2018 flumine
1115 1980 1247 2030 friget.
1291 1977 1377 2018 Ha-

107 2043 235 2083 bitant
268 2042 309 2081 in
340 2042 474 2092 stagno
507 2044 660 2095 Lucii,
690 2042 865 2096 Cypr'mi
901 2043 1040 2093 varii,
1082 2041 1176 2083 Idus
1213 2054 1376 2095 nempe,

111 2105 271 2151 Rutilus
293 2137 305 2158 ‚
339 2104 470 2148 Nasus
491 2137 502 2159 ‚
534 2108 657 2150 Orsus
678 2139 690 2161 ,
725 2108 825 2153 Ieses
843 2122 854 2159 ;
874 2105 1033 2164 ⁶Cancri
1065 2106 1192 2148 etiam
1218 2104 1378 2160 paffim,

1245 2167 1380 2208 Onisci
