2008 2735
334 893 419 930 Tab.
447 891 494 928 V.

525 183 613 228 308
733 173 836 217 DE
901 170 1587 216 ELECTRICITATE

523 291 654 335 tabilis
689 291 789 331 n'e‘ris
822 287 1024 341 quantitas
1058 287 1263 329 mercurio
1303 287 1607 341 supernatabat3
1661 288 1797 330 immo

524 358 736 412 aliquoties
771 359 858 396 data
893 365 1012 406 opera
1048 366 1170 394 vnam
1206 353 1430 393 alter-amne
1485 354 1589 392 :tc-'rss
1641 351 1792 393 bullam

523 424 568 463 ad
603 420 817 462 barometri
857 418 1138 459 summitatem
1173 417 1375 460 ascendere
1410 417 1517 469 feci,
1548 418 1689 471 absque
1726 416 1793 456 lu-

522 490 576 529 cis
611 485 773 526 notabili
810 481 1099 522 debilitatione.

670 570 706 612 e)
739 561 780 603 Si
820 574 956 602 tamen
996 562 1125 600 naim·
1157 560 1261 599 ae'ris
1296 561 1499 614 quantitas
1536 562 1574 602 in
1613 561 1796 601 barome·

522 640 633 670 trum
669 628 942 676 immittatur,
979 625 1187 677 insigniter
1223 627 1383 666 tandem
1420 625 1520 666 lucis
1558 626 1797 680 produc‘tio-

522 697 561 734 ni
597 705 711 734 nocet
737 724 748 744 ,
797 705 922 745 neque
954 699 1087 730 tamen
1111 718 1131 740 r
1176 688 1204 729 fi
1241 691 1318 729 rite
1354 700 1539 744 paratum
1579 691 1625 731 sit
1679 692 1796 731 baro-

522 771 702 800 mettum
726 789 736 806 ,
780 769 963 810 vnquam
998 755 1132 796 lucem
1166 755 1411 808 progignere
1446 757 1607 808 penitus
1641 754 1795 795 definit.

523 824 666 864 Immo
688 855 699 874 ,
732 822 759 862 si
797 824 838 862 in
875 823 974 862 tubo
1006 822 1141 861 vitreo
1176 832 1374 871 recuruo,
1408 820 1619 873 purissimo
1653 832 1696 859 ac
1720 820 1796 860 fic-

523 889 679 929 cissimo
713 886 780 927 ab
801 900 837 936 c,
873 887 943 938 fig.
986 898 1021 926 1.
1057 884 1261 925 mercurio
1284 917 1294 936 ,
1343 897 1448 937 puro
1481 896 1643 938 quoque
1676 893 1797 938 atque

523 953 624 993 sicco
648 983 660 1002 ‚
708 949 864 1002 repleto
890 982 899 1000 ‚
954 950 994 988 in
1045 948 1310 990 oscillationes
1361 959 1504 1001 agatur
1540 949 1799 1001 mercurius,

525 1016 598 1056 lux
633 1014 827 1068 quaedam
862 1012 1000 1053 debilis
1047 1013 1261 1060 cernitur⁷
1310 1012 1381 1052 etsi
1438 1014 1554 1053 tubus
1607 1014 1797 1068 vtrinque

525 1079 574 1121 fit
621 1087 818 1132 apertu5‚
867 1077 919 1117 fic
970 1083 1016 1114 vt
1067 1074 1260 1114 naturalis
1308 1074 1512 1115 densitatis
1565 1078 1635 1114 ae'r
1667 1078 1792 1129 ipsam

525 1144 720 1186 mercurii
754 1141 1008 1196 superficiem
1045 1141 1262 1191 contingat.

663 1215 721 1270 s)
758 1218 878 1256 A'e'ris
910 1216 1110 1256 bullulam
1146 1214 1185 1254 in
1219 1215 1499 1254 barometrum
1529 1213 1799 1265 immiffurus‚

523 1283 728 1324 obseruaui
751 1310 762 1330 ‚
795 1280 998 1320 oscillante
1032 1280 1239 1320 mercurio
1272 1286 1485 1329 antequam
1518 1278 1597 1330 ipsa
1617 1277 1664 1316 ad
1685 1278 1798 1317 sum-

523 1348 714 1388 mitatem
749 1345 853 1385 enisa
886 1354 971 1383 crat
996 1376 1007 1393 ‚
1054 1353 1094 1384 et
1126 1342 1318 1394 quamdiu
1355 1342 1464 1380 inter
1497 1341 1606 1380 binas
1638 1353 1801 1381 mercu-

521 1412 573 1452 rii
609 1411 817 1452 columnas
852 1409 1025 1459 suspensa
1060 1405 1153 1446 cffet
1175 1437 1186 1456 ‚
1219 1407 1305 1446 luce
1340 1417 1499 1459 quoque
1534 1404 1706 1459 repleri,
1728 1407 1796 1447 vbi

522 1487 656 1517 tamen
691 1475 767 1515 hoc
803 1472 1004 1528 peculiare
1035 1471 1260 1522 muntani,
1313 1469 1396 1510 siue
1430 1470 1632 1510 descendat
1653 1503 1663 1521 ,
1715 1469 1796 1511 fiue

522 1541 697 1582 ascendat
746 1539 1001 1587 mercurius,
1053 1535 1187 1576 lucem
1232 1544 1404 1588 Vtroque
1437 1535 1523 1575 casu
1564 1548 1688 1589 acque
1721 1535 1794 1576 ess‘e

523 1607 700 1650 fortem,
751 1603 868 1642 aliter
920 1603 982 1642 vti
1031 1601 1261 1652 contingere
1314 1598 1409 1640 solet
1464 1599 1504 1640 in
1559 1599 1793 1640 summitate

523 1668 754 1710 barometri.
839 1667 948 1708 Raro
980 1667 1091 1706 enim
1123 1667 1307 1719 suprema
1343 1663 1533 1706 mercurii
1571 1665 1794 1718 superficies

522 1736 564 1775 in
600 1733 751 1774 ascensu
784 1731 998 1773 columnae
1033 1729 1136 1770 lucet
1157 1762 1168 1781 ,
1199 1740 1317 1782 atque
1353 1729 1380 1770 ss
1401 1742 1488 1771 tum
1511 1729 1648 1780 lucet,
1683 1728 1794 1771 debi-

521 1800 669 1841 liorem
704 1797 824 1849 longe
855 1796 988 1836 lucem
1012 1827 1025 1846 ‚
1057 1808 1178 1850 quam
1212 1795 1254 1834 in
1288 1794 1464 1836 descensu
1491 1825 1504 1843 ,
1534 1794 1626 1834 edit.

669 1895 699 1942 ξ.
739 1906 777 1942 9,
813 1891 1070 1933 Subsistamus
1116 1889 1219 1938 hic,
1269 1899 1395 1941 neque
1446 1887 1579 1928 statim
1631 1885 1678 1925 ad
1731 1883 1795 1924 vis

521 1957 759 1998 attractiuae
792 1957 1120 1998 barometrorum
1157 1965 1325 1994 examen
1359 1953 1612 1993 transcamus.
1698 1947 1794 1990 Dif-

522 2022 696 2062 feramus
732 2022 808 2063 hoc
843 2023 977 2077 potius
999 2053 1009 2072 ,
1052 2020 1273 2073 vsqucdum
1296 2047 1307 2068 ‚
1363 2016 1568 2071 quomodo
1604 2013 1791 2054 hactenus

520 2086 708 2128 recenfita
742 2087 1018 2144 phaenomena
1053 2098 1105 2127 cx
1137 2083 1323 2126 electrica
1359 2084 1402 2124 xi
1458 2082 1640 2123 oriantur
1663 2107 1674 2126 ‚
1725 2076 1789 2115 di-

1653 2139 1787 2180 stiiic'te
