2008 2735
512 176 595 216 172
766 163 848 207 DE
884 159 1041 206 LEGE
1077 160 1512 207 REFRACTIONIS

505 280 596 332 dere
618 310 628 330 ‚
681 279 736 319 ita
785 287 833 320 vt
883 280 1043 330 cognita
1095 277 1332 320 refractione
1367 278 1500 319 media
1532 290 1595 319 m:
1618 290 1666 331 1,
1703 293 1773 336 per

505 356 595 384 eam
647 343 772 384 solam
825 343 1011 384 rest-aetio
1062 342 1183 382 rubra
1234 354 1321 383 νει
1381 353 1422 383 et
1457 342 1631 383 violacea
1664 357 1717 386 v:
1748 358 1766 384 1

506 408 800 449 determinetur
823 438 835 457 ‚
886 416 926 448 et
958 408 1202 460 quantitates
1237 421 1258 448 r
1288 417 1327 447 et
1359 420 1387 447 v
1422 417 1613 461 tanquam
1647 419 1774 450 certae

506 474 704 527 quaedam
737 471 959 513 funetioncs
992 471 1228 524 q11aut2tatis
1260 484 1297 512 m
1329 471 1492 527 speetari
1528 481 1690 526 queant.

924 579 1243 637 Coroll.
1335 603 1380 638 1.

665 677 736 717 15.
773 668 858 709 Hac
893 679 994 721 ergo
1028 667 1245 723 hypothefi
1277 669 1448 711 assumta
1483 671 1669 711 statuitur
1694 702 1704 721 ,
1746 671 1775 711 fi

510 748 587 791 pro
618 733 787 774 tranfitu
821 745 871 774 ex
904 734 1100 787 quopiam
1135 733 1268 774 medio
1302 735 1341 774 A
1377 735 1419 774 in
1454 734 1561 776 aliud
1591 737 1777 776 medium

509 800 544 839 B
597 799 719 839 fucrit
765 796 951 838 refrastio
1003 797 1136 838 media
1185 810 1299 837 :mx
1327 811 1344 835 1
1394 796 1514 836 rubra
1549 811 1651 839 :rz
1679 812 1695 837 1
1737 809 1778 839 et

509 863 686 906 violacea
720 875 830 903 zv:
856 875 873 900 1
900 876 913 912 3
945 871 1037 902 tum
1075 861 1104 902 fi
1138 873 1213 914 pro
1246 860 1414 901 tranfitu
1448 872 1498 899 ex
1542 860 1624 902 alio
1674 873 1778 915 quo·

516 940 675 980 cunque
705 927 842 967 medio
875 925 910 967 C
945 927 987 965 in
1021 924 1133 967 aliud
1165 925 1210 966 D
1243 925 1430 966 refratstio
1461 925 1590 966 media
1631 927 1780 980 pariter

440 978 442 981 ⁵
511 991 562 1031 fit
596 1003 723 1030 :mx
749 1003 798 1040 1,
833 998 923 1029 turn
966 989 1092 1029 etiam
1145 988 1425 1032 refractionem
1476 991 1643 1033 rubram
1697 992 1782 1033 sore

510 1068 596 1097 :r
618 1069 627 1096 ς
650 1066 668 1093 1
708 1062 748 1093 et
782 1052 1005 1096 violaceam
1038 1064 1131 1095 :v
1151 1065 1161 1093 :
1184 1064 1222 1092 1.

919 1165 1231 1224 Coroll.
1321 1182 1371 1221 2.

671 1257 738 1295 16.
772 1254 880 1295 Haec
913 1255 1189 1309 consequentia
1223 1256 1276 1295 ita
1311 1253 1418 1294 arete
1451 1262 1548 1293 cum
1585 1250 1665 1305 ipsa
1700 1251 1782 1303 hy-

512 1317 670 1374 pothefi
706 1319 758 1360 est
792 1330 968 1360 connexa
990 1351 1002 1371 ‚
1050 1329 1097 1359 vt
1130 1320 1159 1360 ss
1192 1331 1244 1359 ex
1280 1316 1517 1370 aequalitate
1577 1316 1782 1357 refractio-

508 1385 571 1424 nis
616 1383 770 1425 mediae
827 1393 933 1423 certa
982 1382 1200 1436 aequalitas
1250 1381 1497 1422 refradtionis
1551 1380 1693 1421 rubrae
1743 1389 1784 1420 et

511 1447 712 1489 violaceae
745 1447 934 1489 concludi
966 1447 1088 1502 poffet
1110 1478 1122 1500 ‚
1174 1446 1256 1502 ipsa
1287 1443 1524 1502 hypothesis
1558 1457 1636 1499 pro
1685 1455 1781 1484 vcra

510 1512 604 1553 esset
637 1512 827 1554 habenda,

933 1603 1210 1663 Coroll.
1299 1623 1345 1678 3.

666 1702 738 1741 17.
776 1693 840 1734 Ad
878 1695 1092 1734 veritatem
1127 1703 1227 1743 ergo
1258 1692 1374 1745 istius,
1399 1690 1632 1746 hypothcfis
1669 1689 1780 1730 diiu-

511 1757 758 1809 dicandam,
808 1767 946 1799 totum
1000 1758 1215 1810 negotium
1265 1758 1312 1797 ad
1361 1757 1461 1797 hanc
1510 1755 1780 1809 quaestionem

510 1822 720 1862 reducitur
761 1853 773 1873 ,
854 1835 954 1862 num
1009 1821 1037 1861 fi
1092 1824 1132 1861 in
1185 1822 1339 1862 duobus
1386 1820 1549 1861 diuersts
1599 1817 1783 1859 transnti-

513 1886 585 1924 bus
657 1898 708 1926 ex
775 1885 860 1926 alio
912 1886 1049 1926 medio
1096 1887 1137 1926 in
1190 1885 1299 1927 aliud
1341 1915 1352 1935 ‚
1420 1885 1604 1926 resracffio
1653 1882 1782 1924 media

511 1950 706 2001 vtrinque
755 1951 877 1991 fuerit
931 1951 1107 2000 eadem,
1157 1949 1281 1990 etiam
1333 1950 1518 1990 resraffio
1570 1948 1687 1989 rubra
1739 1954 1781 1984 et

511 2013 693 2053 violacea
728 2016 921 2069 vtrinque
965 2016 1104 2055 eadem
1157 2013 1206 2054 fit
1250 2015 1398 2055 sutura.
1494 2012 1781 2069 Quemadmo-

513 2078 616 2118 dum
670 2079 756 2119 casu
807 2092 891 2133 quo
941 2091 1108 2133 νηΐ-ι,
1152 2078 1275 2120 etiam
1307 2079 1463 2134 semper
1498 2079 1551 2120 est
1586 2085 1698 2117 νει
1740 2080 1779 2111 ct

1631 2147 1718 2177 v:
1740 2148 1780 2189 1,
