2008 2735
622 208 710 249 570
937 192 1564 239 DESCRIPTIO

616 323 713 351 rum
749 310 1014 352 directionem
1051 309 1348 361 diffringendae.
1446 309 1623 351 Interior
1660 319 1793 351 tamen
1844 320 1883 353 et

618 386 712 417 tuuc
749 375 951 416 substantia
987 377 1121 416 multo
1155 376 1208 416 est
1243 375 1446 425 mollior,
1496 386 1535 415 ct
1571 375 1727 416 aloni-ni
1769 375 1886 429 plan-

619 451 756 482 tarum
792 441 839 481 ad
875 440 1044 494 speciem
1080 440 1190 480 facile
1219 440 1538 492 comprimenda.

771 536 1064 578 Diffranstarum
1103 533 1314 574 massarum
1350 536 1484 575 omnis
1521 535 1725 577 substantia
1772 550 1889 579 com-

623 600 748 656 posita
785 610 947 657 apparet
981 613 1031 640 ex
1066 600 1289 640 innumeris
1341 600 1490 640 tubulis
1541 612 1726 642 corneo-
1747 604 1890 654 sulcis,

624 680 646 706 a
679 665 788 717 basi,
838 667 904 708 cui
950 664 1069 706 massa
1118 664 1334 714 increscit,
1385 664 1491 704 reeta
1542 667 1895 718 attendentibus,

627 732 701 772 vix
731 729 953 781 flexuosis,
1005 741 1155 770 verum
1191 727 1423 770 lubramosis
1447 759 1457 778 ‚
1510 731 1806 771 confertillzrnis
1858 741 1898 772 ct

625 795 933 849 conglutinatis.
1016 795 1214 836 Oriuntur
1269 791 1311 833 hi
1353 791 1484 834 tubuli
1533 805 1554 832 e
1589 794 1756 836 surcufis
1788 794 1895 851 (fig.

581 892 588 902 .
632 860 692 913 6.)
743 860 991 914 reptantibus
1039 856 1302 910 mytulorum
1338 857 1405 898 vel
1438 856 1698 900 cochlearum
1733 860 1902 915 superfi-

629 926 705 966 ciei
740 924 1004 977 adglutinatis
1026 955 1037 975 ‚
1086 923 1156 976 qui
1192 923 1380 975 primum
1417 920 1525 975 quasi
1562 924 1778 965 mass-arum
1816 925 1902 979 pri-

629 990 841 1032 mordium
865 1020 876 1036 ,
910 999 952 1029 et
987 985 1192 1028 simillimi
1226 987 1314 1027 sunt
1350 985 1552 1037 surculis,
1594 990 1736 1042 quilus
1772 989 1904 1030 Tubu·

633 1054 735 1094 laria
785 1051 999 1093 coralloides
1050 1064 1072 1091 a
1104 1050 1392 1091 ROESELIO
1425 1051 1618 1103 descripta
1657 1055 1696 1091 in
1732 1053 1901 1106 superfi-

633 1118 694 1159 cie
750 1115 984 1170 plnntarum
1035 1112 1275 1166 palustrium
1331 1114 1508 1164 reputat.
1611 1113 1755 1155 Inueni
1804 1117 1903 1156 lianc

635 1179 901 1220 Tubulariam
936 1175 1198 1218 coralloidem
1238 1177 1277 1213 in
1311 1175 1414 1215 follis
1446 1175 1549 1213 olim
1600 1189 1726 1229 prope
1777 1178 1907 1220 Goct-

637 1244 796 1293 tiugzim
832 1251 874 1282 et
909 1242 950 1280 in
985 1237 1071 1278 lacu
1108 1238 1272 1278 subsalso
1307 1236 1542 1280 Rakaniensi
1566 1267 1577 1287 ‚
1630 1251 1757 1293 prope
1798 1239 1909 1282 Bril-

638 1307 723 1348 lam
776 1304 909 1359 Belgii
943 1305 1041 1346 adeo
1073 1301 1191 1344 crassa
1222 1311 1264 1343 et
1292 1301 1404 1343 deusti
1438 1302 1561 1342 crusta
1582 1333 1594 1356 ‚
1645 1315 1667 1343 e
1709 1308 1909 1347 contextis

639 1369 838 1421 ramulis,
895 1369 1158 1411 obducentem
1194 1367 1304 1420 ligna
1335 1376 1454 1421 atque
1488 1368 1574 1409 saxa
1597 1397 1608 1416 ,
1662 1378 1709 1408 vt
1756 1370 1910 1411 minori

639 1436 768 1493 gradu
802 1433 1054 1479 Tuhztlariam
1091 1434 1292 1486 Fungosam
1327 1435 1504 1474 referret.
1574 1430 1746 1473 Nollem
1779 1443 1914 1477 tamen

642 1505 733 1547 ideo
766 1501 1014 1550 adfirmare,
1067 1498 1168 1540 hanc
1202 1497 1376 1539 nostram
1413 1497 1560 1551 prioris
1618 1497 1690 1538 effe
1743 1500 1916 1541 varieta-

645 1579 730 1611 tem
783 1566 1096 1616 luxuriantem3
1149 1563 1272 1604 nimis
1322 1564 1434 1604 enim
1469 1561 1643 1604 constans
1677 1563 1827 1604 nostrae
1860 1566 1915 1606 est

643 1633 840 1675 crescendi
874 1630 1018 1670 modus
1041 1661 1052 1678 ‚
1106 1627 1318 1681 multoque
1355 1627 1515 1668 solidior
1556 1626 1790 1678 substanti-⁴13
1841 1642 1913 1669 ne-

645 1709 726 1753 que
762 1704 961 1753 reptantes
995 1695 1082 1735 eius
1115 1693 1278 1733 tubulos
1312 1691 1354 1731 in
1389 1691 1538 1745 plantis
1570 1686 1689 1742 stagni
1725 1692 1916 1747 descripti

650 1761 758 1804 vllos
791 1760 964 1810 inueni,
1016 1759 1079 1801 sed
1119 1756 1332 1799 collectam
1386 1756 1541 1809 semper
1592 1756 1630 1794 iu
1683 1755 1918 1810 glomeres,

648 1826 864 1880 conchylia
896 1825 975 1866 fere
1009 1822 1087 1865 sola
1121 1821 1330 1874 fungoidea
1365 1820 1489 1862 crusta
1522 1819 1794 1863 obuoluentes.

800 1919 953 1963 Tubuli
987 1920 1026 1960 in
1064 1918 1194 1961 maffis
1228 1917 1282 1957 ita
1312 1915 1418 1958 densi
1452 1915 1540 1956 sunt
1564 1947 1575 1967 ‚
1624 1925 1671 1956 vt
1705 1916 1918 1972 compressi

652 1989 700 2030 nd
735 1988 912 2028 inuicem
949 1983 1057 2039 quast
1092 1980 1272 2036 angulati
1308 1982 1475 2022 euadant
1497 2011 1507 2031 ‚
1549 1981 1654 2021 vnde
1688 1980 1919 2036 superficia-

652 2051 707 2092 les
741 2063 900 2106 quoque
924 2051 1009 2105 pori
1041 2049 1178 2090 sauurn
1214 2045 1519 2088 subtilissimum
1567 2051 1775 2100 mierum,
1829 2047 1917 2101 ple·

654 2118 770 2173 rique
806 2115 1022 2174 pentagoni
1055 2114 1121 2156 vel
1153 2110 1407 2166 sexangulati.
1882 2169 1918 2212 F
