2008 2735
585 198 647 255 '40
1005 195 1122 247 ..3:53
1156 200 1170 248 )
1205 207 1232 236 0
1267 192 1282 249 (
1314 195 1431 246 5:23<-

586 312 807 362 earundem
859 310 1047 352 inertiam
1098 310 1327 362 recensere,
1378 318 1449 349 aut
1499 319 1569 362 per
1606 307 1755 360 singula
1790 308 1847 353 ire

587 379 868 434 experimenta
890 407 902 427 ,
936 375 1110 430 sequelas
1145 385 1302 416 tantum
1332 385 1386 414 ex
1419 373 1476 414 eis
1508 374 1691 414 decimas
1713 405 1725 425 ‚
1760 376 1853 417 bre-

588 444 697 484 viter
732 440 912 484 indicasse
947 440 1144 483 sufficiat:
1191 439 1391 478 nimitum
1431 440 1482 478 1⁰.
1518 438 1768 480 orichalcum
1799 452 1854 481 ex

589 519 718 562 cupro
756 515 796 546 et
849 506 1000 556 zinco‚
1051 502 1304 558 purissimis,
1355 501 1603 544 elaboratum
1628 534 1639 554 ‚
1689 502 1851 544 nullum

589 583 685 624 erga
723 581 953 623 magnetem
1000 567 1217 609 monstrare
1263 566 1529 619 obsequium,
1576 579 1704 621 neque
1757 566 1856 609 hinc

591 637 635 677 in
670 647 786 675 acum
823 633 1091 685 magneticam
1125 631 1215 672 vllo
1249 642 1364 682 agere
1401 614 1539 681 ῐῐιοᾶος
1576 634 1631 670 2⁰.
1667 644 1748 685 quo
1767 644 1856 672 ma·

591 699 654 752 gis
687 710 787 740 vero
822 697 1000 740 minerae
1033 698 1210 738 zincinae
1244 696 1422 749 partibus
1456 696 1654 736 abundant
1689 696 1859 737 martia·

592 762 698 804 libus
719 793 731 813 ‚
783 774 832 803 eo
873 764 1074 804 maiorem
1105 770 1144 801 et
1177 761 1390 801 fortiorem
1425 760 1527 801 nasci
1563 761 1605 800 in
1639 759 1860 801 Orichalco

591 826 942 880 magnetismum3
985 825 1079 865 hinc
1109 835 1273 878 quoque
1305 836 1327 863 a
1363 825 1542 876 partibus
1576 822 1660 864 illis
1693 825 1862 866 martia·

593 892 698 933 libus
729 889 854 942 lapidi
887 887 1121 929 calaminari
1143 917 1155 938 ,
1205 886 1371 926 cadmiis
1402 886 1612 928 fornacum
1645 896 1686 927 et
1736 888 1864 930 Pseu-

592 953 799 1006 dogalenis
831 950 1027 994 admixtis
1059 960 1101 991 et
1133 951 1175 991 in
1210 951 1510 1004 praeparatione
1543 949 1737 992 orichalci
1790 964 1864 1006 pet

595 1017 825 1074 phlogiston
857 1016 1033 1057 reductis
1054 1045 1066 1065 ,
1110 1014 1228 1055 vnice
1261 1014 1430 1068 pendere
1462 1014 1665 1066 originem
1698 1024 1739 1054 et
1771 1027 1868 1056 cau-

594 1083 679 1126 sam
714 1082 973 1133 magnetismi
1006 1079 1255 1121 diuersarum
1289 1077 1478 1122 orichalci
1501 1078 1738 1132 specierum.
1774 1079 1868 1121 Ex-

598 1148 744 1201 plicata
796 1144 848 1186 sic
869 1176 881 1198 ‚
927 1154 967 1187 et
1009 1146 1055 1186 ab
1093 1145 1207 1186 omni
1243 1143 1367 1185 dubio
1400 1141 1562 1183 liberata
1598 1141 1869 1197 phaenomeni

599 1212 710 1254 istius
740 1210 852 1252 causa
876 1240 888 1261 ‚
937 1208 1094 1251 vltimo
1127 1208 1297 1262 denique
1332 1208 1425 1249 loco
1446 1238 1458 1258 ‚
1494 1208 1630 1260 agitur
1663 1207 1710 1248 de
1740 1219 1871 1261 quan-

602 1277 716 1317 titate
769 1275 902 1324 ferri,
953 1274 1002 1315 ad
1052 1273 1355 1326 producendum
1404 1273 1446 1312 in
1485 1285 1614 1325 cupro
1650 1273 1871 1323 magnetis·

603 1351 723 1381 mum
746 1338 972 1380 sufficiente.
1045 1337 1170 1379 Vario
1195 1337 1326 1390 itaque
1352 1336 1524 1390 pondere
1544 1337 1648 1376 inter
1671 1336 1705 1375 se
1730 1337 1873 1376 misce-

605 1404 750 1445 bantur
787 1403 854 1445 istn
890 1399 1052 1444 metalla
1085 1410 1127 1441 et
1159 1401 1268 1441 varia
1303 1411 1464 1452 quoque
1498 1400 1587 1439 inde
1621 1410 1749 1452 cupro
1783 1410 1875 1440 ma-

606 1470 763 1520 gnetica
797 1466 946 1509 acceffit
980 1465 1141 1504 virtus:
1195 1463 1398 1512 minima,
1450 1461 1478 1502 fi
1529 1463 1635 1503 ratio
1681 1463 1776 1502 ferri
1825 1463 1876 1503 ad

606 1543 782 1585 cuprum
818 1531 939 1571 suerit
973 1528 1034 1568 vti
1076 1541 1093 1565 1
1117 1539 1127 1566 t
1151 1537 1232 1575 32,
1287 1527 1419 1565 maior
1471 1527 1669 1576 gradatim
1694 1557 1705 1575 ‚
1753 1536 1877 1579 prout

609 1596 720 1636 istius
777 1593 993 1645 augebatur
1051 1589 1248 1641 quantitas
1277 1619 1288 1639 ‚
1355 1588 1536 1628 maxima
1595 1588 1766 1641 denique
1834 1591 1877 1630 in

610 1659 825 1711 Vtriusque
857 1653 1012 1695 metalli
1046 1653 1312 1706 aequipondio
1347 1652 1538 1693 constitit.
1609 1651 1878 1695 lutermedios

612 1722 755 1775 gradus
778 1752 791 1772 ,
840 1718 1001 1760 exhibet
1054 1717 1183 1757 tabula
1233 1717 1279 1758 ad
1317 1718 1464 1758 calcem
1499 1716 1775 1759 dissertationis
1809 1719 1879 1758 ad⁴

612 1786 712 1827 iesta
735 1816 746 1835 ‚
802 1796 855 1824 ex
904 1796 981 1837 qua
1025 1782 1184 1835 insuper
1215 1783 1405 1823 omnium
1439 1781 1548 1822 hunc
1582 1783 1622 1822 in
1657 1781 1781 1822 finem
1815 1782 1880 1822 in-

617 1851 852 1900 stitutorum
904 1847 1180 1893 tentaminum
1231 1847 1337 1890 ratio
1394 1858 1477 1889 vno
1509 1847 1661 1889 intuitu
1694 1846 1881 1899 cognosci

616 1914 758 1971 potest.
1750 1912 1753 1915 ’

1780 2166 1879 2210 vn.
