2008 2735
623 212 710 251 572
778 197 1125 242 DESCRIPTIO
1157 198 1364 240 TVssvi„
1403 196 1749 245 ivaGiosAE.

758 314 976 357 Substafftia
1011 311 1261 365 massarum,
1312 326 1409 367 quac
1443 310 1529 355 satis
1566 325 1681 357 tenax
1722 318 1771 358 cst
1794 351 1804 370 ,
1853 318 1883 360 fi

620 389 759 421 contra
793 380 1029 420 tubulorum
1066 380 1330 420 directionem
1367 378 1538 420 lacerare
1571 392 1717 430 tentes,
1751 392 1885 423 tamen

623 445 665 484 in
697 446 891 498 quaedam
926 442 1033 495 quasi
1070 444 1185 484 strata
1216 443 1381 496 discerpi
1419 445 1575 497 potest,
1611 449 1783 498 adeoque
1819 457 1887 487 tu-

623 509 792 550 nicatim
827 508 998 548 crescere
1032 507 1232 558 videtur3
1267 508 1374 560 quod
1407 510 1552 549 clarius
1589 510 1627 548 in
1664 512 1890 562 putrescen-

626 574 730 614 tibus
763 572 891 614 massis
925 581 1098 624 apparet.
1179 571 1235 612 Et
1269 569 1346 611 hoc
1381 572 1465 611 sanc
1504 585 1760 614 momentum
1797 587 1891 615 ana-

627 637 779 690 logiam
817 635 1037 677 strucsturae
1072 635 1275 676 summam
1313 637 1446 687 prodit
1479 635 1718 678 ‘subnixu-iae
1744 639 1892 678 nostrae

627 702 861 755 fungoidis,
895 713 989 741 cum
1025 699 1201 753 Furgicis
1236 698 1362 750 vulgo
1380 699 1494 740 dictis
1514 702 1748 753 petrefiiftis‚
1782 703 1894 743 firia-

627 767 679 807 tis
701 797 712 818 ‚
746 778 815 822 per
851 766 966 806 strata
1001 763 1110 817 quast
1147 765 1336 805 tunicatis
1366 773 1407 804 et
1441 765 1480 803 in
1516 765 1723 819 superficie
1767 777 1896 817 angu-

629 832 709 873 lose
745 830 896 886 porosis
919 860 930 880 ‚
986 830 1056 883 qui
1089 830 1131 869 iu
1166 828 1342 882 lapidem
1377 840 1569 870 corneum
1606 827 1667 869 vel
1700 841 1896 883 pyroma-

627 895 755 936 chum
791 896 950 936 cinereo
984 893 1263 934 flauescentem
1301 894 1450 934 murati
1485 894 1526 933 in
1561 894 1667 944 agris
1701 905 1772 946 per
1807 894 1897 935 Eu-

631 971 776 1013 ropam
812 959 949 1012 paffim
987 958 1213 1010 leguntur,
1262 968 1302 997 et
1338 969 1358 996 a
1394 971 1461 998 me
1490 957 1635 1009 insigni
1671 970 1798 1011 nuper
1829 971 1902 999 co·

634 1025 700 1078 pia
723 1054 734 1074 ,
785 1024 1074 1076 praecipuaque
1120 1022 1230 1062 mole
1266 1021 1415 1073 pariter
1446 1034 1488 1061 ac
1524 1021 1825 1074 pulchritudine
1860 1024 1901 1063 in

634 1088 747 1128 arido
777 1095 1084 1138 campo'prope
1119 1084 1409 1123 monasterium
1445 1084 1483 1123 S.
1509 1084 1667 1124 Nicolai
1689 1086 1733 1124 ad
1755 1085 1903 1126 Txver-

635 1162 728 1192 zam
772 1147 949 1188 fluuium
985 1146 1078 1186 leiti
1112 1146 1230 1186 fuere.
1331 1145 1428 1185 Non
1464 1147 1628 1197 quidem
1665 1147 1755 1187 ideo
1788 1150 1905 1190 dixe-

637 1213 721 1253 rim
755 1209 966 1264 petrofac‘ta
1004 1207 1074 1248 illa
1108 1207 1182 1247 esse
1209 1205 1358 1246 nostrae
1377 1206 1641 1258 Tubulum,
1674 1220 1904 1262 quanquam

638 1284 678 1316 et
712 1273 806 1315 haec
840 1272 1031 1314 sententia
1065 1271 1210 1312 multis
1245 1272 1347 1311 forte
1399 1271 1614 1322 arridebit;
1664 1271 1724 1312 sed
1775 1271 1909 1314 simile

639 1337 757 1381 debet
788 1336 863 1380 effe
895 1334 1149 1390 Zoophyton
1187 1335 1392 1376 marinum
1419 1365 1429 1387 ,
1460 1335 1528 1377 cui
1558 1335 1763 1386 originem
1798 1338 1907 1378 suam

640 1403 819 1456 fungitae
871 1400 933 1443 illi
955 1431 966 1453 ‚
1019 1400 1087 1455 qui
1130 1398 1218 1441 aliis
1255 1399 1428 1441 testaceis
1460 1408 1498 1442 et
1531 1397 1706 1442 coralliis
1742 1403 1908 1442 marinis

642 1467 830 1510 immixti
865 1464 1123 1520 reperiuntur
1144 1496 1155 1517 ,
1191 1462 1339 1506 debent.
1422 1464 1512 1521 Qua
1546 1465 1592 1506 de
1626 1465 1669 1502 r'e
1703 1463 1783 1504 alio
1817 1465 1907 1508 loco

642 1531 766 1575 fufius
812 1542 931 1582 agere
982 1530 1142 1570 animus
1191 1528 1301 1569 mihi
1348 1529 1413 1571 est.
1480 1527 1579 1571 Dab.
1617 1527 1908 1573 Wolodimero

643 1598 682 1640 d.
719 1607 790 1647 27.
827 1594 905 1639 lul,
943 1592 1317 1638 MDCCLXVHI.

1699 2174 1910 2221 ASTRO-
