2008 2735
386 164 467 206 ET
500 161 840 207 ORICHALCO
876 162 1254 209 MAGNETICO.
1360 174 1449 217 375

180 280 451 334 repetitione,
515 288 556 319 et
597 277 746 319 idcirco
782 288 991 332 nunquam
1030 277 1204 320 adhibiti
1240 278 1383 320 fluoris
1418 288 1459 321 et

180 346 361 402 pulueris
418 344 633 385 carbonum
690 343 732 382 in
789 341 1108 397 subsequentibus
1165 343 1459 399 experimentis

179 412 432 452 mentionem
469 408 557 449 sum
592 408 778 449 (asturus.
883 407 1073 450 Fusiones
1108 408 1208 463 ipsas
1243 410 1285 450 in
1336 409 1459 450 fttrno

179 477 342 517 anemio
376 474 534 527 vulgari
567 474 752 525 institui,
804 473 1021 515 crucibulis
1057 473 1301 516 Moscouicis
1346 474 1461 514 ordi»

180 542 300 582 nariis
333 551 373 580 et
408 539 623 581 crucibuiis
653 539 756 580 infra
790 539 986 594 supraque
1026 540 1364 591 conuergeutibus
1417 538 1460 580 in

180 607 316 647 medio
350 604 586 646 ventricosis
617 603 790 659 (Duten)
826 616 976 655 vteris,
1031 615 1131 658 quae
1165 605 1254 646 vasa
1289 615 1459 657 opercu-

177 669 226 710 lis
262 671 337 710 suis
373 671 450 711 rite
486 670 719 722 tegebantur
743 700 753 718 ‚
813 668 931 710 nullo
966 678 1104 710 tamen
1141 667 1231 711 luto
1265 668 1461 711 oblinitis.

177 735 291 787 Ignis
327 748 397 789 per
432 735 575 788 gradus
611 734 814 774 adhibitus
850 733 1224 776 subministrabatur
1259 745 1330 789 per
1382 731 1464 775 ho·

180 813 269 840 ram
304 813 457 850 x‘nam,
514 800 721 840 interdum
755 811 919 852 quoque
952 812 1078 840 vnam
1112 813 1208 843 cum
1255 798 1425 840 dimidia
1447 828 1460 849 ‚

181 877 308 918 vsque
341 866 441 906 dum
476 863 642 905 flamma
677 876 727 904 ex
762 865 879 904 omni
918 873 1030 917 parte
1066 865 1196 905 serena
1228 873 1462 918 appareret,

180 942 258 983 qua
296 930 375 970 viiii
410 941 477 970 vas
510 929 555 969 ab
591 928 683 979 igne
717 928 1006 967 remouebatur
1028 958 1038 976 ‚
1082 927 1217 968 blande
1253 929 1464 974 concutie-

179 993 297 1034 batur
321 1024 331 1044 ,
364 1003 404 1032 et
437 993 482 1032 ad
516 991 837 1042 refrigerandum
874 992 1157 1044 reponebatur.
1234 990 1465 1043 Reliquum

178 1068 318 1097 omnes
354 1054 426 1095 hae
461 1055 631 1096 fusiones
665 1062 706 1093 et
742 1055 994 1096 reductiones
1027 1066 1127 1095 cum
1164 1053 1295 1095 fluore
1336 1056 1464 1098 crudo

176 1119 381 1161 institutae
416 1129 546 1161 more
567 1119 758 1161 consueto
793 1119 870 1163 sale
901 1120 1116 1162 communi
1151 1119 1399 1174 tegebantur.

317 1247 337 1297 §
388 1260 431 1296 9.
467 1247 621 1302 Exper.
659 1248 691 1291 Ι.
726 1249 891 1303 Lapidis
925 1249 1184 1292 calaminaris
1218 1249 1379 1291 obscure
1398 1251 1462 1292 fu-

179 1312 417 1352 sco-bruni
455 1313 762 1356 Tarnouicensis
795 1316 827 1364 ξ.
863 1326 901 1364 7.
941 1327 978 1364 3.
1015 1314 1200 1358 calcinati
1243 1316 1462 1358 fortissimo

181 1376 271 1427 igne
303 1388 343 1418 et
377 1378 493 1430 cupri
529 1378 733 1430 purissimi
767 1391 839 1419 ana
873 1381 991 1420 vncia
1024 1379 1196 1421 dimidia
1216 1381 1294 1421 fusa
1318 1413 1329 1433 ‚
1362 1382 1464 1423 Ori-

180 1439 367 1483 chalcum
401 1442 743 1494 elegantiffimum
776 1444 828 1485 ast
861 1444 1015 1484 durum
1052 1444 1326 1497 suppeditabat
1346 1477 1357 1496 ,
1389 1456 1464 1487 cu·

182 1509 244 1547 ius
298 1507 490 1548 limatura
543 1518 626 1548 tota
677 1511 756 1550 fere
806 1520 826 1548 a
863 1518 1054 1562 magnete
1088 1509 1248 1555 summa
1283 1523 1379 1553 cum
1416 1510 1462 1555 vi

180 1570 408 1613 trahebatur
431 1604 441 1623 ‚
492 1581 533 1611 et
584 1585 705 1614 acum
752 1575 1026 1624 magneticam
1061 1573 1111 1613 de
1145 1574 1237 1614 loco
1271 1576 1462 1619 mouebat

182 1637 227 1678 ad
282 1636 427 1679 horam
482 1638 684 1690 integram
745 1636 903 1679 circulo
972 1638 1140 1683 horario
1207 1638 1460 1693 inscriptam.

180 1701 328 1743 Marsae
362 1713 590 1744 accreuerat
627 1701 818 1746 drachma
855 1716 933 1744 vna
955 1735 966 1755 ‚
1001 1715 1122 1757 grana
1147 1704 1238 1744 tria.
1305 1704 1461 1746 Moneo

183 1764 257 1806 hac
288 1767 487 1809 occasione
523 1768 564 1808 in
599 1778 880 1823 perpetuum,
925 1781 993 1809 me
1028 1769 1070 1808 in
1105 1766 1169 1811 his
1200 1770 1462 1822 experimen-

183 1831 233 1871 tis
264 1843 314 1871 eo
349 1841 508 1873 tantum
551 1833 759 1888 respexisse
781 1865 792 1886 ‚
843 1844 892 1875 vt
940 1831 1208 1874 Orichalcum
1263 1845 1418 1886 purum
1453 1865 1466 1886 ,

184 1895 281 1936 bene
314 1896 446 1937 fusum
467 1929 478 1948 ‚
529 1910 726 1953 quantum
761 1910 833 1953 per
869 1906 1060 1939 naturam
1098 1907 1141 1938 et
1191 1888 1465 1951 quantitatem

183 1960 329 2015 lapidis
378 1961 631 2005 calaminaris
685 1964 801 2005 licuit
853 1965 974 2019 probe
1008 1962 1186 2008 tincstum
1218 1961 1467 2014 obtinerem,

185 2038 268 2080 quo
299 2025 345 2066 ad
379 2026 672 2070 obseruationes
705 2031 949 2081 magneticas
984 2026 1239 2070 instituendas
1272 2036 1378 2073 tuto,
1399 2029 1465 2069 vti

187 2089 339 2148 possem
362 2121 375 2145 ,
424 2101 464 2132 et
517 2092 606 2135 ideo
647 2096 690 2136 in
726 2093 1039 2150 praesentiarum
1070 2091 1178 2134 nihil
1212 2092 1259 2135 de
1292 2093 1465 2136 clastici-

1386 2167 1468 2202 tate
