2008 2735
539 217 628 259 352
731 201 952 247 NOVVM
985 200 1199 243 PHAEN.
1237 197 1618 244 ELECTRICVM

537 318 811 363 Tourmalino
845 315 1100 370 Ceylonienfi
1136 326 1218 358 tam
1254 316 1441 367 analogae
1477 317 1564 355 sunt
1586 346 1596 366 ,
1646 322 1693 354 vt
1728 327 1803 368 pro

540 388 655 428 nudis
688 383 975 433 varietatibus,
1005 382 1033 422 ss
1066 384 1120 422 ita
1156 381 1265 436 loqui
1301 383 1415 429 licet,
1450 381 1568 421 vuius
1603 380 1804 418 ciusdem-

539 463 616 504 que
651 448 828 502 lapidum
864 448 1003 501 speciei
1036 446 1084 486 ad
1119 459 1241 500 quam
1279 450 1450 500 pertinet
1484 445 1808 494 Tourmalinus,

542 514 677 556 haberi
727 513 824 566 ipsas
877 511 1009 565 posse,
1057 511 1161 551 mihi
1214 511 1291 552 fere
1344 510 1571 565 persuastim
1608 509 1771 548 habeam
1799 537 1810 558 ,

541 592 638 620 cum
690 577 731 616 in
783 575 896 617 nulla
948 589 991 616 re
1039 574 1112 616 nisi
1165 576 1205 615 in
1238 575 1385 616 coloris
1419 576 1542 628 specie
1577 585 1616 614 et
1648 576 1773 625 gradu
1800 602 1812 622 ‚

543 638 851 696 (Nuance)mox
887 643 925 681 in
962 641 1134 680 rubrum
1159 671 1170 690 ,
1223 652 1321 680 mox
1357 641 1398 679 in
1439 640 1665 679 bruimeum
1717 649 1812 678 ver-

544 710 675 761 gentis
696 739 706 758 ‚
741 718 843 746 mox
873 707 1077 746 dilutioris
1113 716 1212 744 mox
1248 705 1376 756 magis
1411 705 1602 755 saturati,
1653 703 1812 742 differre

545 774 772 814 videantur.
870 771 1091 812 Dubitandi
1128 771 1261 823 itaque
1294 768 1421 809 adhuc
1457 771 1569 810 locus
1601 769 1700 807 foret
1722 797 1733 816 ,
1767 778 1817 804 an

549 848 706 892 praeter
759 835 929 877 Vnicum
980 835 1166 888 lapidum
1218 833 1300 874 siue
1351 844 1614 884 gemmarum
1663 841 1823 882 genus,

548 902 657 942 aliud
690 902 839 950 detur,
892 900 1087 940 similibus
1124 898 1437 953 proprietatibus
1470 896 1663 938 elcfflicis
1705 907 1824 948 prae-

550 967 689 1005 ditum
712 996 723 1015 ,
757 976 798 1003 ac
838 963 1032 1002 mirabilis
1070 963 1136 1002 iste
1172 964 1273 1015 lapis
1305 961 1615 1014 Ceylonienfis‚
1669 959 1739 999 nisi
1779 959 1821 998 in

553 1030 688 1070 lucem
724 1026 970 1078 produxiflet
1005 1024 1139 1065 celeb.
1174 1026 1349 1078 Wilsomaes
1372 1057 1382 1073 ‚
1422 1025 1497 1065 loc.
1535 1028 1602 1066 cit.
1637 1022 1824 1075 Clnysoli-

555 1093 662 1134 thum
698 1091 962 1130 Americanmn
985 1119 997 1139 ‚
1037 1088 1100 1128 cui
1137 1099 1289 1141 practer
1325 1087 1527 1126 clcftricas
1558 1089 1824 1139 proprietates

554 1169 652 1199 cum
685 1154 960 1195 Tourmalino
995 1151 1053 1193 nil
1087 1163 1300 1192 commune
1332 1151 1384 1191 cst
1408 1181 1418 1200 ‚
1453 1151 1598 1203 quique
1636 1149 1826 1202 proinde,

558 1232 634 1274 pro
666 1218 798 1270 lapide
831 1218 1001 1258 omnino
1038 1214 1185 1256 diuersi
1208 1245 1218 1264 ,
1259 1225 1299 1253 et
1334 1215 1390 1253 sui
1425 1215 1578 1264 generis
1614 1213 1826 1263 agnoscen-

557 1285 629 1324 dus
661 1281 729 1322 est·

708 1345 877 1398 Accepit
912 1343 1088 1397 Wilsomcs
1123 1341 1244 1381 huius
1279 1339 1422 1393 lapidis
1456 1339 1575 1380 frusta
1598 1369 1610 1390 ,
1658 1339 1705 1379 ab
1735 1351 1830 1379 eru-

561 1409 759 1452 ditissimo
793 1410 834 1448 in
868 1408 984 1449 omni
1019 1404 1288 1458 Miner-alogia
1310 1437 1321 1454 ‚
1364 1416 1405 1445 et
1441 1403 1518 1446 hoc
1553 1405 1719 1446 nomine
1752 1402 1832 1444 Ce-

562 1476 781 1518 leberrimo
832 1473 969 1524 Viro,
1022 1472 1133 1513 Dno.
1189 1469 1360 1511 Mendez
1411 1468 1463 1510 da
1496 1467 1638 1521 Costa,
1690 1469 1833 1521 quiea

563 1550 702 1582 mente
734 1550 832 1579 cum
869 1537 955 1592 ipso
985 1536 1236 1590 exemplaria
1269 1534 1463 1588 quaedam
1494 1533 1836 1584 communicauit‚

564 1615 612 1645 vt
647 1600 876 1657 inquirendi
911 1602 1041 1642 ansam
1079 1601 1148 1653 ipsi
1185 1601 1387 1653 praeberet
1409 1630 1420 1649 ‚
1453 1611 1501 1639 an
1536 1600 1666 1652 quoad
1700 1598 1838 1636 virtu-

568 1678 651 1709 tem
687 1666 918 1708 eleRricam
942 1697 953 1717 ,
995 1666 1127 1718 aliqua
1157 1664 1277 1705 detur
1312 1663 1434 1718 ipsius
1465 1675 1560 1704 cum
1597 1661 1838 1702 Tourmali-

568 1746 624 1774 no
657 1731 916 1781 similitudo,
946 1731 1052 1785 quod
1087 1730 1247 1784 quidem
1284 1728 1336 1769 fic
1370 1732 1405 1770 se
1439 1728 1605 1777 habere,
1641 1739 1721 1766 non
1756 1725 1837 1766 fine

572 1796 717 1849 insigni
754 1795 901 1836 laetitia
935 1797 1104 1848 agnouit
1139 1793 1325 1843 ll'ilsonus.

722 1860 843 1916 Quod
887 1861 933 1900 ad
986 1859 1195 1901 historiam
1248 1857 1472 1898 naturalem
1528 1855 1669 1910 lapidis
1717 1852 1840 1893 huius

575 1925 723 1979 Γροᾶπῐ
745 1957 756 1977 ,
806 1925 1003 1980 sequentia
1043 1926 1093 1965 ad
1144 1923 1321 1965 Domini
1353 1922 1403 1964 da
1437 1921 1540 1974 Costa
1572 1928 1841 1974 peruenerunt

576 1999 766 2031 notitiam
786 2002 796 2028 z

740 2052 890 2112 „Quod
937 2053 1084 2096 oblatus
1115 2053 1173 2108 stc
1224 2054 1288 2109 ipfi
1320 2049 1392 2107 sub
1446 2051 1585 2091 nomine
1636 2046 1843 2096 smaragdi

585 2116 868 2172 „Bt-asiliensis
889 2149 900 2170 ‚
933 2121 989 2171 stc
1026 2131 1119 2160 vcro
1133 2119 1282 2176 species
1323 2115 1485 2169 crystalli
1505 2146 1517 2167 ,
1565 2120 1757 2154 concretae
1808 2110 1845 2146 in

1710 2172 1842 2226 „colu-
