2008 2735
381 186 575 229 MEDIA
627 184 1168 228 MATRULONJORVM.
1310 192 1392 229 103

140 300 252 339 tenda
288 302 350 339 cst.
450 300 643 351 Incipiam
689 311 709 336 ’.ι
747 296 1076 348 simplicioribus,
1110 308 1227 349 atque
1262 298 1399 351 primo

140 365 361 416 supponam
398 364 600 416 aequalem
641 364 678 399 in
716 372 889 412 vtroque
940 361 1031 400 sexu
1083 372 1254 400 aetatem
1279 392 1290 410 ‚
1344 362 1397 399 ita

139 439 184 466 vt
216 440 356 467 omnes
390 428 468 467 siue
500 425 694 477 connnpti
731 424 813 463 siue
855 436 1080 479 connuptae
1129 437 1398 464 communem

138 490 302 532 habeant
337 501 529 536 aetatem3
565 501 651 528 tum
686 490 806 527 ctiam
847 502 992 542 ponam
1017 502 1238 542 rtrumque:
1259 491 1396 529 flexum

136 558 312 595 cin-dem
343 556 478 594 aetatis
516 553 870 593 indiscriminatim
910 555 1039 592 eidem
1094 557 1241 594 mortis
1292 555 1401 606 peri-

136 619 229 659 culo
282 619 536 664 {ubicftunffi
587 628 630 657 vt
684 629 730 658 vt
781 617 1035 657 obici-uatum
1073 618 1120 657 sit
1157 632 1241 658 rem
1280 617 1401 671 paulo

135 682 251 722 aliter
283 683 317 722 se
351 683 490 722 habere
526 685 746 735 iexnmque
782 682 1004 735 {equiorem
1045 683 1173 722 vitam
1209 696 1229 721 a
1267 692 1400 722 morte

137 748 334 786 tutiorem
387 759 531 798 agere:
586 758 654 785 nec
708 757 841 786 tamen
896 748 963 787 ista
999 747 1223 785 obieruntio
1260 748 1312 786 ira
1347 745 1400 784 est

138 812 465 863 interpretanda,
505 809 613 863 quast
659 811 697 849 in
735 810 903 862 copiosis
938 811 1099 850 vrbibus
1133 811 1274 850 aliinue
1306 810 1402 850 locis

138 874 333 912 foeminae
389 874 537 913 minori
589 885 762 913 numero
812 875 1025 913 annuatim·
1075 876 1304 914 moriantur
1360 886 1402 914 ae

141 949 267 976 mares
289 969 297 985 ,
350 938 500 976 etenim
533 938 673 978 eodem
713 949 887 975 numero
922 938 947 976 si
986 939 1208 987 nascantur,
1240 948 1402 991 oportet

136 1002 257 1039 etiam
296 1010 341 1038 vt
376 1002 460 1052 pari
499 1012 672 1038 numero
707 1000 967 1047 moriantur-3
1002 1009 1042 1038 at
1075 1002 1296 1039 notandum
1333 1003 1406 1049 est,

136 1064 175 1101 in
210 1063 325 1102 omni
360 1063 524 1101 ciuitate
558 1062 692 1114 plures
724 1062 864 1102 viuere
897 1063 1092 1103 foeminas
1134 1076 1256 1116 quam
1315 1075 1402 1103 ma·

134 1137 223 1175 res‚·
275 1125 379 1165 vnde
435 1126 615 1178 sequi-tur
647 1128 852 1166 summam
887 1127 1096 1166 annuatim
1132 1128 1402 1169 morientium

136 1191 176 1229 in
211 1198 384 1242 vtroque
417 1190 510 1229 sexu
549 1189 652 1243 posse
685 1190 851 1244 quidem
908 1190 980 1230 effe
1031 1191 1206 1233 absolute
1257 1204 1403 1246 aequa-

137 1253 219 1292 lem
242 1282 252 1301 ‚
295 1254 332 1292 id
366 1264 503 1293 autem
539 1267 618 1294 non
660 1255 857 1308 impedire
881 1287 891 1306 ,
943 1256 1042 1308 quin
1078 1254 1209 1296 habita
1248 1259 1402 1297 ratione

136 1316 371 1356 viuentium
408 1319 591 1357 summae
626 1319 666 1358 in
701 1331 875 1372 vtroque
919 1323 1011 1360 sexu
1036 1351 1046 1370 ‚
1102 1320 1252 1360 minori
1305 1333 1403 1373 pro-

139 1379 327 1433 portione
362 1381 589 1419 moriantur
623 1383 819 1422 foeminae
853 1395 974 1434 quam
1013 1397 1155 1425 mares.
1231 1383 1276 1424 Id
1310 1397 1402 1424 mo·

139 1455 231 1482 nere
267 1443 355 1482 ideo
385 1442 527 1493 volui,
558 1445 666 1497 quod
700 1444 918 1484 nonnullos
951 1447 1158 1502 scriptores
1192 1459 1402 1489 erroneam

136 1505 210 1545 hae
240 1507 287 1546 de
321 1518 364 1545 re
397 1507 631 1547 iententiam
667 1509 768 1548 ferre
802 1509 993 1550 viderim.

286 1601 496 1654 Postquam
531 1602 582 1643 fic
613 1614 906 1654 argumentum
959 1607 1141 1647 nostrum
1191 1621 1267 1661 pro
1320 1609 1404 1661 hy-

135 1663 288 1719 pothefi
325 1666 538 1706 communi
592 1668 923 1721 pertrae'tauero,
977 1670 1148 1710 modum
1199 1673 1403 1715 ostendam

134 1741 217 1784 quo
249 1730 490 1786 generaliter
521 1739 563 1771 et
595 1733 711 1772 omni
745 1733 996 1774 accuratione
1032 1734 1172 1789 perfici
1210 1736 1341 1790 poffit.

282 1827 312 1874 ς.
356 1836 397 1874 ς.
435 1827 578 1869 Fuerit
612 1827 659 1867 ab
693 1827 817 1867 initio
848 1840 1044 1868 numerus
1077 1833 1270 1871 omnium
1316 1845 1403 1873 ma-

139 1887 432 1931 trimoniorum
467 1904 554 1933 :n
588 1901 707 1945 atque
737 1892 836 1932 adeo
873 1905 1067 1933 numerus
1092 1897 1283 1935 omnium
1303 1909 1404 1938 con-

138 1962 365 2005 nuptorum
396 1967 544 2007 :2n3
581 1966 673 1996 tum
728 1965 895 2008 putetur
948 1959 1032 2009 post
1083 1960 1226 2000 datum
1274 1973 1402 2001 anno-

138 2027 234 2055 rum
288 2017 496 2059 decursum
548 2032 637 2074 pars
687 2031 831 2061 eorum
882 2031 1013 2062 morte
1063 2024 1218 2078 abrepta
1272 2024 1402 2078 fitque

137 2092 334 2123 numerus
367 2086 557 2127 omnium
592 2085 794 2126 vinorum
828 2086 1085 2141 superstitum
1104 2102 1168 2131 :r
1185 2090 1402 2132 omnium-

1321 2165 1400 2208 que
