2008 2735
615 214 704 253 550
965 205 1081 250 DE
1144 205 1524 251 GLACIE

613 319 886 373 ferebaturque
922 319 992 374 ipsi
1019 353 1031 374 ,
1076 322 1149 363 effe
1179 322 1281 364 hunc
1317 325 1479 365 fumum
1514 321 1735 363 hon—vinum
1772 320 1880 362 indi-

612 384 726 424 cium
752 415 764 434 ‚
801 384 971 436 glaciem
1008 388 1157 428 mariae
1190 401 1238 429 eo
1274 389 1362 431 leco
1397 388 1734 442 perquirentium.
1825 385 1880 426 Hi

613 447 802 490 Sliudm'ki
835 449 1112 502 adpellantur,
1145 452 1212 504 qui
1252 454 1454 504 regionem
1480 483 1491 503 ‚
1528 453 1567 492 in
1601 465 1675 505 qua
1711 451 1880 504 glaciem

613 513 766 553 mariae
813 516 1054 566 reperiunt,
1105 516 1209 566 ignis
1249 516 1411 558 flamma
1447 516 1753 567 cognoscibilem
1791 516 1881 555 red-

612 577 714 618 dunt
736 609 747 629 ‚
784 588 830 617 vt
865 578 906 617 in
939 579 1076 620 cadem
1112 580 1296 622 matrices
1329 582 1422 621 alias
1459 582 1695 634 inutstigare
1730 580 1882 622 facilius

612 641 770 696 possint.
871 641 1033 684 Montes
1084 644 1232 684 muscis
1278 654 1319 685 et
1362 645 1562 686 arbcribus
1596 646 1730 686 referti
1766 645 1884 692 sunt.

611 715 699 758 vt,
750 707 846 762 quid
897 709 1140 758 contineat,
1198 710 1369 751 diuinari
1419 710 1466 750 ab
1516 721 1634 750 extus
1685 721 1885 763 nequeas,

611 772 758 813 muscis
792 781 931 814 autem
965 776 1238 827 arborumque
1271 774 1467 815 radicibus
1515 773 1670 815 refestis
1691 805 1703 826 ,
1751 772 1883 827 splen·

616 835 733 875 dente
780 836 858 877 sole
907 840 978 878 {uo
1030 838 1066 878 se
1119 838 1266 890 glacies
1299 838 1508 893 splendore
1540 836 1700 892 quoque
1735 837 1882 891 prodit.

611 900 754 955 Quum
809 902 856 943 ad
906 902 1244 955 iplam'fodinam
1278 902 1500 954 acceiserit,
1534 903 1704 955 glaciem
1726 901 1880 943 Mariae

610 965 801 1015 videbat,
837 967 918 1006 iam
952 969 1000 1008 ad
1031 967 1294 1008 effodiendam
1335 980 1625 1021 praeparatam.
1711 967 1881 1020 Lapis,

606 1041 686 1081 qua
740 1030 1039 1082 recipiebatur,
1091 1032 1241 1083 partim
1291 1044 1490 1084 quarzum
1539 1043 1660 1082 erat,
1709 1042 1761 1072 ex
1792 1030 1881 1072 albo

608 1091 819 1132 flaucscens
844 1124 855 1142 ‚
891 1095 1041 1146 partim
1074 1096 1239 1144 gryseus
1273 1093 1410 1143 fluor,
1448 1096 1487 1131 in
1524 1093 1598 1134 hoc
1632 1095 1778 1146 lapide,
1813 1105 1879 1132 ra-

609 1157 720 1196 tione
785 1157 937 1196 diueria
1001 1157 1152 1195 iaccbat.
1268 1158 1316 1196 ln
1376 1158 1490 1195 venis
1549 1157 1652 1198 haud
1706 1158 1843 1198 crescit
1867 1185 1879 1206 ,

609 1219 670 1259 sed
706 1218 771 1257 hic
805 1229 845 1258 ct
880 1220 934 1258 ibi
970 1218 1249 1258 inueniebatur
1280 1218 1430 1257 lamina
1451 1247 1462 1263 ‚
1502 1229 1603 1268 quae
1637 1220 1676 1256 in
1712 1221 1883 1270 quadra-

610 1292 655 1323 to
689 1283 812 1322 modo
844 1283 988 1322 vinam
1026 1293 1122 1322 cum
1157 1291 1298 1335 quarta
1331 1280 1441 1320 illius
1474 1292 1584 1334 parte
1607 1313 1618 1331 ,
1667 1283 1791 1322 modo
1823 1281 1885 1322 di-

610 1346 784 1387 midiam
821 1356 984 1387 tantum
1007 1377 1018 1398 ,
1049 1347 1174 1387 modo
1207 1357 1247 1386 et
1284 1346 1449 1391 minus,
1508 1345 1548 1385 in
1582 1346 1778 1400 quadrato
1808 1344 1882 1385 ha·

607 1410 718 1451 bebat
739 1442 750 1460 ‚
783 1420 822 1450 et
856 1411 1012 1465 aliquot
1047 1411 1182 1452 vncias
1216 1409 1304 1451 ruffi
1340 1408 1457 1451 crassa
1493 1420 1587 1451 crat.
1687 1410 1883 1452 Laminae

607 1472 682 1515 hae
716 1474 783 1515 vcl
818 1476 997 1528 integrae
1030 1486 1144 1516 erant
1166 1506 1177 1527 ,
1210 1475 1275 1515 vel
1312 1487 1385 1529 per
1420 1475 1568 1516 multas
1602 1486 1720 1515 venas
1755 1485 1884 1515 trans·

611 1540 778 1580 vei-sales
812 1539 928 1581 fiffae.
1014 1540 1124 1582 Raro
1158 1539 1247 1594 plus
1269 1570 1279 1589 ‚
1312 1552 1436 1593 quam
1470 1539 1515 1579 ad
1549 1552 1625 1581 tres
1664 1537 1777 1578 vlnas
1810 1549 1882 1591 pe-

609 1614 693 1644 trae
729 1603 1014 1658 perfodiuntur
1037 1635 1048 1655 ,
1081 1615 1150 1645 aut
1185 1616 1353 1658 propter
1384 1616 1520 1645 earum
1552 1604 1776 1653 duritiem,
1810 1613 1879 1641 aut

608 1669 717 1721 quod
753 1669 879 1719 longo
914 1667 1101 1709 homines
1135 1669 1356 1721 fatigentur
1394 1669 1535 1709 labore.
1631 1668 1772 1709 Aliam
1817 1665 1878 1708 (Ἰ.

609 1732 1211 1775 KRASCHENNINIKOW
1247 1734 1424 1774 fodinam
1457 1731 1659 1783 visitabat,
1690 1743 1730 1771 et
1763 1731 1879 1772 simi-

607 1796 662 1837 lia
697 1796 1044 1851 deprehendebat,
1078 1797 1278 1852 aliamque
1311 1810 1332 1837 a
1366 1799 1457 1837 riuo
1487 1796 1706 1838 Kolotowka
1742 1807 1879 1837 remo-

609 1863 755 1903 tiorem
791 1863 872 1914 ipsc
909 1862 1171 1905 PATRVVS
1193 1894 1204 1914 ‚
1255 1864 1297 1903 in
1327 1875 1405 1915 qua
1437 1862 1579 1914 glacies
1614 1864 1695 1902 iam
1736 1862 1878 1900 testea-

608 1935 647 1966 ta
679 1926 904 1967 habebatur.
971 1927 1234 1979 Pergitidem
1267 1927 1294 1968 l.
1334 1939 1365 1966 c.
1402 1940 1437 1980 p.
1475 1937 1579 1974 332.
1617 1926 1733 1968 illam
1767 1924 1879 1977 opti-

608 2003 721 2031 mam
757 1991 831 2032 effe
853 2022 865 2042 ‚
905 2004 1006 2044 quae
1038 1992 1144 2034 clara
1177 1991 1226 2032 stt
1249 2023 1260 2042 ‚
1310 2002 1432 2045 aquae
1465 1991 1511 2031 ad
1545 1991 1663 2031 instar
1686 2023 1698 2044 ,
1750 1989 1881 2042 pretio

610 2054 746 2097 multo
780 2057 984 2097 minorem
1012 2088 1024 2108 ,
1072 2069 1173 2111 quac
1205 2058 1245 2096 in
1281 2056 1457 2097 viridem
1501 2055 1682 2097 colorem
1727 2061 1879 2104 vergat.

612 2118 840 2175 Respicigur
882 2121 976 2162 dein
1013 2122 1266 2176 magnitudo.
1331 2120 1506 2176 Reperta
1539 2120 1638 2173 suit,
1671 2120 1884 2216 quaeciuns

1760 2191 1784 2217 γ
1809 2187 1873 2217 nas
