2008 2735
551 208 609 239 20
974 196 1090 247 »ἓὲ
1124 192 1137 249 )
1174 207 1200 235 0
1238 191 1251 250 (
1285 192 1400 244 θέω

559 321 684 365 quam
737 316 865 350 certae
915 310 1110 362 quaedam
1168 307 1391 350 funCtiones
1441 308 1562 363 ipsius
1597 322 1633 350 m
1666 311 1832 365 spectari

560 385 737 430 queant:
771 375 927 414 dudum
961 384 1095 414 tamen
1129 373 1174 414 ab
1208 373 1443 428 acutissimo
1470 373 1691 416 Ce›mctra
1724 377 1833 418 clai-

560 449 650 482 raut
689 441 730 479 iu
765 438 1084 480 Commentariis
1118 439 1310 480 Academ.
1348 437 1541 479 l'arisinae
1577 439 1652 479 fuit
1703 440 1834 481 osten-

557 507 683 554 sum,
733 516 823 544 cam
879 504 1115 555 neutiquam
1170 501 1422 543 necessariam
1465 503 1538 543 effe
1575 513 1737 544 naturae
1772 504 1834 544 le-

558 583 653 622 gem
678 600 688 619 ,
721 568 782 608 sed
819 569 1052 607 innumeras
1086 568 1170 607 dari
1205 567 1299 607 alias
1320 599 1330 618 ‚
1366 579 1466 619 quae
1502 567 1649 621 pariter
1686 570 1727 608 in
1763 581 1834 609 na-

559 647 651 676 tura
687 633 823 672 locum
858 630 1001 672 habere
1034 632 1141 684 poss'e
1176 632 1403 673 videuitur.
1506 633 1666 673 Harum
1703 634 1834 686 igitur

557 696 852 754 hypothesium
889 697 1067 750 potiores
1102 697 1255 749 aliquot
1290 697 1331 736 in
1367 695 1439 736 hac
1470 685 1737 740 dissertatione
1764 698 1831 739 lll.

558 762 724 805 Eulems
758 760 1000 802 accuratiori
1034 760 1196 802 subiecit
1231 761 1443 811 examini,
1491 773 1714 815 earumque
1762 763 1834 803 de-

557 827 773 868 monstrata
805 824 1061 878 possibilitate
1083 856 1094 874 ‚
1135 837 1332 878 quaenam
1365 836 1508 864 earum
1546 827 1835 880 pliaenomenis

556 891 741 933 maxime
772 891 979 930 satisfaciat
1001 917 1012 938 ,
1046 888 1301 941 disquisiuit,
1336 900 1434 941 quae
1469 901 1548 928 vna
1580 891 1635 930 est
1666 892 1708 930 in
1748 899 1833 931 tam

555 954 760 996 recondita
794 953 1019 1006 quaestione
1053 952 1100 991 ad
1161 952 1378 992 veritatem
1429 954 1692 1004 perueniendi
1745 966 1836 994 me-

557 1018 714 1061 thodus,
815 1015 1012 1069 Inprimis
1063 1028 1162 1056 vcro
1216 1027 1267 1055 ex
1315 1013 1564 1066 diligentiori
1618 1017 1660 1056 in
1721 1019 1833 1058 oculi

556 1083 802 1125 structuram
837 1080 1025 1133 indagine
1059 1078 1344 1120 firmissimum
1397 1078 1445 1118 de
1495 1077 1642 1120 harum
1694 1079 1833 1134 hypo-

557 1146 735 1189 thesium
772 1145 906 1200 pret10
940 1144 1141 1185 iudicandi
1193 1152 1482 1195 argumentum
1536 1143 1620 1185 Cel.
1674 1145 1833 1187 Auctor

556 1210 816 1266 depromsit,
867 1221 967 1264 quae
1020 1220 1117 1249 cum
1171 1207 1506 1249 absolutissimum
1557 1220 1659 1263 opus
1709 1208 1759 1250 fit
1792 1220 1834 1250 et

554 1277 671 1318 omni
708 1276 889 1316 humana
923 1283 1007 1314 arte
1042 1273 1251 1314 sublimius
1275 1304 1286 1324 ,
1320 1284 1579 1326 quaecunque
1615 1274 1701 1313 eius
1751 1273 1833 1325 legi

552 1343 828 1383 contrariatur
858 1371 868 1390 ‚
911 1337 1160 1380 refratftionis
1192 1337 1348 1378 theoria
1385 1336 1536 1378 merito
1570 1347 1656 1378 erat
1686 1336 1833 1390 explo-

555 1406 690 1447 denda.
791 1401 975 1445 Stabilita
1029 1404 1158 1455 igitur
1212 1415 1307 1443 vera
1341 1402 1588 1442 refrat‘tionis
1623 1401 1833 1441 radiorum

553 1468 891 1512 diuersicolorum
928 1466 1016 1518 lege
1049 1467 1117 1508 111.
1163 1466 1322 1506 Auctor
1374 1463 1549 1505 tabulam
1600 1464 1833 1516 subiungit,

554 1536 596 1576 in
632 1545 710 1587 qua
747 1544 822 1584 pro
855 1530 1026 1581 singulis
1057 1529 1358 1568 refractionibus
1393 1527 1537 1566 mediis
1578 1530 1834 1569 refractiones

555 1605 763 1637 extremae
798 1600 1089 1644 computantur
1112 1622 1122 1642 ‚
1175 1589 1203 1630 fi
1238 1590 1442 1630 nimirum
1480 1589 1581 1630 radii
1634 1602 1685 1631 ex
1738 1594 1831 1631 a'e're

556 1662 597 1702 in
629 1658 742 1700 aliud
775 1657 1042 1711 quodcunque
1077 1654 1260 1695 medium
1303 1652 1472 1694 transire
1522 1655 1830 1707 suppon:intur;

554 1726 660 1766 vnde
701 1721 809 1765 facili
847 1721 1013 1773 negotio
1061 1720 1247 1761 rcfrzicftio
1298 1720 1509 1759 radiorum
1562 1719 1833 1761 diuersicolo-

554 1801 648 1832 rum
684 1800 736 1829 cx
770 1796 1010 1842 quocunque
1048 1785 1186 1826 medio
1219 1784 1259 1824 in
1294 1784 1561 1837 quodcunque
1589 1784 1697 1825 aliud
1721 1795 1832 1825 tran·

554 1855 760 1895 seuntium
794 1851 1017 1901 definitur,
1048 1849 1077 1889 fi
1113 1851 1235 1891 modo
1270 1849 1457 1889 retractio
1490 1848 1618 1889 rnedia
1653 1861 1703 1890 ex
1738 1852 1830 1890 a'e're

555 1920 596 1959 in
631 1916 787 1970 singula
823 1917 891 1956 ista
927 1914 1056 1955 media
1091 1914 1213 1955 fucrit
1247 1915 1422 1965 cognita.

705 1981 858 2038 Quanti
912 1990 1011 2020 vero
1063 1976 1185 2036 liuius
1236 1978 1333 2031 legis
1374 1977 1513 2020 exacta
1545 1977 1832 2018 determinatio

556 2049 646 2089 vsus
681 2046 729 2087 sit
755 2077 767 2096 ,
807 2057 858 2084 cx
892 2056 942 2084 eo
976 2042 1089 2084 fiicile
1122 2043 1335 2095 colligitur
1359 2074 1370 2094 ‚
1419 2042 1525 2096 quod
1556 2041 1726 2083 lentium
1759 2042 1830 2081 ob·

554 2114 805 2157 iestiuarum
840 2120 892 2150 ex
927 2107 1078 2164 duplici
1113 2109 1282 2151 materia
1337 2108 1536 2165 pellucida
1585 2104 1830 2160 composita-

1730 2177 1828 2210 rum
