2008 2735
615 150 730 201 ...ᾗ-,ς
763 144 776 202 )
812 159 838 187 ο
876 143 890 202 (
922 147 1034 199 ’ἐζ-(ξω
1381 158 1469 198 273

721 261 877 317 ,DE

240 352 1008 418 ROTATIONE
1079 351 1428 415 SOLIS

197 471 372 516 CIRCA
424 469 600 514 AXEM
673 467 756 509 EX
829 466 1002 509 MOTV
1075 466 1466 514 MACVLARVM

373 532 726 578 APPARENTE
769 530 1293 576 DETERMINANDA.

685 664 976 707 Auctore

483 780 605 822 ΙΟΗ.
659 777 925 822 ALBERTO
979 779 1172 822 EVLER.

297 917 441 959 ΑΤΙΟ
475 915 689 959 definiendi
712 925 876 957 motum
897 914 1002 956 Solis
1023 918 1286 968 gyratorium
1308 932 1359 959 ex
1381 932 1469 960 ma·

326 982 514 1022 cularum
551 992 666 1021 motu
699 989 949 1034 apparente,
984 981 1126 1033 prouti
1163 981 1302 1033 paffim
1340 985 1379 1022 in
1411 983 1469 1024 li-

191 1047 270 1087 bris
306 1047 653 1086 Astronomornm
691 1045 864 1083 traditur
886 1074 898 1094 ‚
942 1056 1022 1083 non
1058 1044 1191 1084 solum
1227 1045 1278 1086 ob
1311 1045 1468 1099 figura-

188 1122 285 1150 rum
338 1108 699 1163 complicationem
750 1108 952 1149 eximias-n
1006 1109 1308 1161 imaginationis
1375 1112 1467 1153 vim

190 1175 395 1228 requirit,
429 1175 490 1214 secl
522 1174 648 1214 etiam
685 1186 765 1214 non
798 1173 887 1214 satis
921 1183 1104 1214 accurate
1139 1175 1198 1226 id,
1214 1176 1323 1231 quod
1343 1189 1471 1235 quae·

189 1240 320 1290 titur,
352 1238 620 1279 determinare
654 1238 831 1279 videtur.

344 1332 431 1375 Etfi
481 1342 620 1373 autem
677 1333 759 1386 ipsa
808 1332 905 1376 haec
952 1336 1131 1389 quaestio
1177 1336 1226 1378 ob
1261 1339 1467 1382 ssimmam

194 1399 509 1441 mutabilitatem
534 1428 546 1447 ,
594 1398 661 1436 cui
703 1398 840 1439 cadem
879 1400 1037 1441 macula
1072 1401 1183 1442 breui
1217 1403 1326 1458 saepe
1360 1414 1469 1446 tem·

194 1466 304 1519 poris
343 1461 559 1503 interuallo
591 1464 761 1504 obnoxia
796 1464 1116 1517 deprehenditur
1138 1497 1148 1517 ,
1200 1467 1246 1507 ad
1298 1470 1467 1510 conclua

193 1529 345 1570 sionem
378 1529 569 1568 omnibus
605 1529 786 1568 numeris
821 1529 1042 1570 ablolutam
1076 1531 1270 1572 deducere
1305 1537 1469 1588 nequit3

192 1603 325 1634 tamen
363 1591 528 1634 nullum
563 1593 617 1634 est
659 1594 829 1634 dubium
854 1626 864 1646 ‚
912 1596 1011 1648 quin
1064 1594 1282 1637 methodus
1337 1602 1467 1652 rigori

192 1659 440 1711 geometrico
477 1658 606 1710 magis
639 1661 860 1699 conformis
895 1659 1031 1701 multo
1063 1660 1264 1700 maiorem
1316 1663 1468 1705 allatu-

193 1737 236 1764 ra
287 1723 334 1763 sit
389 1725 646 1773 Vtilitate1n3
717 1725 929 1778 praecipue
983 1724 1011 1764 sl
1064 1725 1340 1767 conclusiones
1394 1743 1465 1785 per

193 1788 424 1829 consensum
463 1789 650 1844 plurium
687 1789 1015 1830 obseruationum
1051 1789 1364 1833 confirmentur.

345 1886 495 1942 Quodsi
548 1887 660 1928 enim
717 1886 951 1926 huiusmodi
1002 1885 1358 1927 determinationes
1394 1902 1464 1942 per

195 1949 358 2003 aliquod
392 1950 643 1991 saeculorum
670 1953 844 2004 spatium
866 1951 1152 2002 instituantur,
1187 1953 1360 2005 quaestio
1378 1966 1467 1993 cer-

195 2024 232 2055 te
272 2015 444 2055 maximi
497 2017 696 2056 momenti
754 2018 842 2058 inde
893 2016 1036 2056 confici
1091 2019 1270 2071 poterit,
1321 2028 1468 2060 Vtrum

191 2089 329 2120 motus
366 2080 455 2120 (olis
488 2082 722 2133 gyratorius
759 2092 842 2122 tam
877 2081 1033 2121 ratione
1066 2081 1152 2123 axis
1190 2094 1315 2137 quam
1357 2084 1470 2137 rapi-

258 2144 798 2187 Tom.XII.Nou.Comm.
966 2145 1011 2188 M
1035 2158 1078 2186 m
1361 2149 1470 2190 dita-
