2008 2735
593 171 707 224 ”5233
742 171 761 223 >
797 182 824 211 0
860 168 874 226 (
905 170 1023 220 &303⁹
1394 186 1448 223 13

181 290 379 334 Auctoris
410 286 731 330 meditationibus
767 285 916 326 merito
951 284 1102 339 sperare
1138 283 1255 337 licet3·
1282 285 1319 327 id
1339 289 1447 341 quod

179 357 221 397 in
272 358 448 409 lequznte
500 350 769 393 dissertatione
821 350 973 392 illustri.
1019 351 1312 406 comprobatur
1363 356 1453 408 ipe·

183 431 343 461 tumne.

780 525 859 583 V.

183 611 276 672 De
344 608 644 669 duratione
712 611 1216 668 matrimoniorum
1264 611 1454 671 media

178 717 282 780 pro
325 715 664 776 quacunque
711 697 1026 774 coniugum
1056 707 1282 766 aetate,
1319 699 1456 756 aliis·

362 802 476 861 que
530 777 948 861 quaestionibus
993 779 1269 840 affinibus.

245 909 503 970 Au&ore
557 907 799 967 Daniele
843 907 1133 965 Bernoulli
1176 927 1233 987 p.
1280 929 1387 988 99.

180 1056 255 1172 In
290 1067 478 1108 omn⁷bus
510 1079 653 1108 rerum
691 1065 961 1107 humanarum
998 1064 1288 1109 variationibus
1323 1078 1364 1107 ac
1396 1066 1463 1106 vi·

265 1132 551 1174 ciffitudinibus
577 1163 589 1182 ‚
624 1134 894 1185 quantumuis
929 1133 969 1172 in
1008 1132 1042 1172 se
1079 1132 1243 1172 incertis
1276 1144 1319 1172 ac
1352 1128 1462 1184 quasi

181 1196 359 1239 fortuitis
382 1229 392 1247 ‚
445 1209 520 1249 pro
556 1209 700 1249 magna
739 1208 870 1237 tamen
909 1195 1128 1236 hominum
1167 1196 1465 1237 indiscrimina-

179 1263 260 1302 tim
313 1261 585 1303 comestorum
640 1262 906 1302 multitudine
938 1291 950 1311 ‚
1000 1262 1041 1302 in
1093 1272 1172 1313 qua
1222 1260 1466 1301 incertitudo

183 1327 300 1366 sortis
335 1317 586 1377 singulorum
611 1357 623 1376 ‚
672 1325 804 1366 habita
841 1326 996 1366 ratione
1056 1324 1182 1365 totius
1204 1356 1215 1375 ,
1270 1335 1463 1377 tanquam

183 1390 414 1429 euanelcens
445 1391 608 1441 spectari
643 1390 758 1441 poffit
779 1420 792 1440 ‚
843 1391 987 1431 statum
1023 1390 1210 1431 medium
1244 1390 1466 1431 conflantes

182 1456 264 1494 fere
298 1452 405 1503 sequi
444 1451 572 1502 leges,
607 1450 906 1504 multiplicibus
938 1453 1282 1493 obseruationibus
1302 1455 1462 1495 dudum

184 1517 239 1556 est
273 1514 581 1553 confirmatum.
682 1513 743 1553 Ita
780 1526 850 1566 pcr
882 1514 1048 1563 longam
1086 1514 1313 1555 tabularum
1350 1525 1464 1554 ntita-

185 1578 291 1619 lium
327 1577 469 1618 seriem
505 1577 581 1618 fuit
614 1576 875 1629 exploratum
897 1606 910 1628 ,
965 1574 1135 1626 singulis
1169 1579 1282 1618 annis
1317 1589 1461 1618 nume-

187 1656 283 1685 rum
320 1642 503 1683 filiorum
539 1650 732 1682 natorum
767 1655 848 1683 non
901 1641 1082 1694 superare
1137 1642 1261 1682 modo
1314 1652 1463 1681 nume-

183 1721 280 1752 rum
316 1706 499 1748 filiarum
536 1716 721 1748 natarum
744 1737 756 1758 ,
804 1707 865 1747 sed
902 1705 1002 1746 hanc
1036 1706 1164 1759 ipsam
1199 1718 1360 1760 quoque
1398 1707 1465 1748 in·

183 1771 467 1826 aequalitatem
503 1772 550 1813 ad
586 1783 809 1813 numerum
844 1771 1050 1812 omnium
1075 1779 1267 1812 natorum
1304 1772 1345 1811 in
1395 1783 1464 1812 ea-

186 1839 280 1879 dem
315 1839 478 1889 regione
511 1836 753 1878 constantem
791 1836 869 1876 stre
927 1839 1082 1876 seruare
1135 1835 1460 1889 proportionem.

188 1900 249 1942 Ita
283 1903 407 1942 etiam
444 1900 599 1942 tabulae
635 1900 856 1942 mortu-ales
879 1931 890 1951 ,
923 1898 1194 1953 pathologicis
1228 1900 1461 1954 praesertim

188 1966 296 2007 notis
356 1967 567 2007 instructae
589 1997 600 2015 ‚
651 1966 895 2008 definiendae
926 1964 1081 2006 medi-ae
1113 1964 1314 2006 <iurationi
1354 1964 1462 2005 vitae

186 2040 208 2068 a
248 2042 482 2083 quacunque
512 2039 638 2072 aetate
674 2031 836 2084 insuper
883 2028 1169 2084 'exspeetandae
1219 2029 1459 2078 inseruiunt,

188 2093 411 2151 multisque
441 2096 530 2138 aliis
559 2096 736 2149 egregiis
769 2093 902 2136 v-sibus
923 2124 935 2146 ,
987 2092 1071 2136 flue
1115 2094 1166 2137 ad
1215 2093 1462 2136 medicinam

805 2159 831 2199 b
867 2170 892 2207 3
1313 2156 1465 2211 spectes
