2008 2735
354 180 1184 227 INTESTINORVM.
1306 189 1393 234 435

137 301 250 340 iuxta
279 297 430 351 spinam
465 295 662 336 dorfalem
697 294 868 348 positam
890 325 901 346 ,
937 307 1038 349 quae
1072 296 1300 336 auti-orsum
1336 296 1405 335 suo

138 363 265 403 limbo
299 362 542 403 terminatur
573 359 835 401 craiiiufculo.
939 360 1036 401 Inde
1093 358 1169 400 hoc
1223 370 1407 411 tempore

134 429 326 468 abdomen
362 439 441 467 non
479 426 602 466 modo
635 435 826 480 apertum
861 426 914 466 cst
949 425 1124 466 anterius
1146 456 1156 475 ,
1207 424 1267 466 scd
1311 422 1406 463 hacc

137 502 320 546 apertura
353 503 515 546 quoque
549 502 646 530 cum
679 490 889 531 abdomine
923 491 1008 545 ipso
1037 489 1246 544 aequalem
1283 488 1406 527 ambi<

138 568 230 598 turn
282 554 429 606 habet3
483 565 702 601 totumque
755 555 949 596 abdomen
1006 554 1162 595 nonnisi
1207 553 1406 593 leuiorem

135 621 593 663 concauitatem·restrt.
659 619 853 670 Deinde,
890 630 1013 674 prout
1049 620 1157 660 filscil
1195 619 1406 668 increscit,

132 687 329 728 abdomen
367 686 673 741 profundiorem
706 694 747 724 et
781 683 1000 738 largiorem
1035 686 1252 725 cauitatem
1309 695 1408 722 nan-

132 750 312 792 ciscitur.
414 751 601 804 Denique
654 762 699 789 ea
733 750 889 791 ratione
926 751 963 790 in
1001 751 1152 792 saccum
1190 756 1371 789 mutatur
1396 777 1408 797 ‚

133 817 313 856 anterius
331 824 539 868 apertum,
576 825 622 856 vt
642 824 830 869 apertura
853 815 1135 856 constriffioue
1168 813 1284 855 limbi
1322 813 1406 852 ori-

137 879 282 921 ficium
317 879 365 920 fit
421 879 646 921 rotundum
698 878 941 921 vmbilicale.
1045 879 1123 921 Ille
1174 889 1271 928 crgo
1320 877 1404 927 est,

129 957 256 999 quem
291 944 470 985 limbum
504 944 727 985 abdominis
760 945 851 984 dico
872 974 883 993 ,
917 944 986 997 qui
1022 941 1177 997 aequali
1209 943 1287 982 fere
1307 952 1405 979 cum

131 1009 345 1050 abdomine
381 1009 466 1058 ipso
497 1007 650 1046 ambitu
689 1008 810 1047 tertio
841 1007 966 1047 etiam
1010 1007 1074 1047 die
1123 1004 1254 1046 adhuc
1306 1016 1406 1056 gau-

133 1073 200 1112 det
221 1101 232 1120 ,
286 1083 356 1124 per
393 1070 671 1110 membranam
707 1069 838 1111 bullae
874 1079 1094 1123 transparet
1117 1100 1127 1119 ,
1178 1070 1275 1109 adeo
1296 1100 1307 1118 ‚
1361 1076 1408 1107 vt

135 1138 178 1177 in
214 1134 294 1188 ipsa
328 1132 437 1175 bulla
469 1128 658 1176 existere>
689 1134 876 1178 videatur
898 1165 910 1185 ,
957 1136 1029 1188 qui
1081 1135 1197 1174 iuxta
1249 1136 1410 1174 suturae

136 1201 355 1253 proprium
392 1196 568 1252 limbum
605 1206 645 1236 et
677 1201 856 1239 exterior
896 1192 1061 1252 quidem
1119 1197 1269 1249 positus
1323 1197 1410 1246 est,

136 1271 178 1303 et
212 1261 484 1302 secundarium
519 1260 696 1302 limbum
732 1263 970 1314 constituit,
1002 1274 1086 1316 quo
1121 1263 1255 1302 sutura
1286 1272 1410 1302 exor-

139 1335 258 1366 natur
319 1326 513 1380 cuiusque
546 1325 725 1378 figuram
764 1328 804 1368 in
841 1328 998 1367 futurae
1037 1327 1298 1379 descriptione
1345 1335 1412 1364 ac-

136 1392 315 1432 curatius
348 1389 529 1435 definiui.
615 1391 669 1432 Hi
701 1403 799 1443 ergo
834 1392 948 1434 limbi
985 1391 1047 1432 die
1085 1391 1254 1431 secundo
1288 1389 1409 1430 finito

141 1458 326 1510 primum
359 1456 532 1498 distineri
568 1465 607 1495 et
650 1455 815 1509 separati
866 1470 887 1498 a
939 1456 975 1497 se
1027 1456 1240 1507 inuicem,
1301 1452 1412 1508 quafi

142 1519 216 1562 fiffi
237 1551 250 1573 ,
282 1532 474 1575 apparere
511 1521 723 1576 incipiunt.

289 1652 321 1700 §-
360 1659 436 1699 97.
486 1648 553 1690 Ad
595 1647 673 1690 hoc
704 1649 816 1692 enim
853 1657 1014 1703 tempus
1047 1661 1173 1704 vsque
1209 1649 1411 1691 membra-
1439 1652 1486 1686 Hi
1515 1652 1607 1687 limbi

142 1725 239 1754 nam
291 1715 525 1757 inferiorem
577 1715 772 1767 vtrinque
824 1716 941 1755 iuxta
1000 1714 1156 1768 ipinam
1218 1713 1413 1755 dorsalem
1439 1704 1609 1749 quomodo

142 1776 370 1820 crassiorem
402 1779 476 1822 effe
506 1777 595 1820 dixi
617 1810 629 1831 ,
678 1792 802 1833 quam
838 1781 879 1819 in
913 1777 1064 1832 reliqua
1120 1780 1414 1819 circumferen-
1437 1755 1636 1851 &figentis

144 1843 200 1882 tia
224 1873 236 1893 ,
281 1842 384 1884 vnde
424 1843 618 1886 vallecuh
651 1847 843 1897 xtrinque
878 1843 991 1882 iuxta
1027 1842 1180 1893 spinam
1217 1843 1415 1883 formare·
1557 1817 1577 1850 5

146 1917 248 1957 tur,
279 1916 318 1947 et
352 1908 460 1961 spina
494 1908 574 1962 ipfa
597 1939 608 1959 ‚
644 1909 881 1962 profundior
917 1906 1010 1946 hinc
1048 1904 1146 1957 sita,
1201 1917 1414 1960 aperturae

145 1970 273 2011 amnii
310 1973 488 2025 primam
522 1974 745 2024 imaginem
782 1972 1103 2026 repraesentaret.
1171 1970 1277 2012 Haec
1311 1972 1418 2014 cras-

146 2034 226 2075 sior
259 2047 358 2087 ergo
390 2037 642 2077 membranae
676 2050 765 2092 pars
800 2049 947 2077 zonam
984 2037 1102 2077 refert
1125 2065 1136 2085 ,
1179 2037 1316 2089 primo
1350 2036 1416 2078 die

145 2099 299 2142 inferne
333 2100 520 2143 latiorem
542 2133 553 2154 ‚
596 2103 639 2144 in
674 2103 807 2143 media
845 2110 954 2153 parte
990 2101 1260 2153 angustiorem
1285 2133 1296 2153 ,
1347 2101 1415 2140 de-

754 2166 782 2207 P
802 2179 828 2220 p
849 2178 874 2220 p
911 2176 933 2213 3
1325 2165 1416 2205 inde
