2008 2735
362 154 437 196 ET
482 153 822 199 ORICHALCO
861 153 1239 200 MAGNETICO.
1347 166 1435 212 387

310 267 354 324 4)
387 272 540 313 Pondus
577 269 811 309 mixtorum
846 278 886 309 et
941 270 1237 323 produetorum
1262 302 1273 318 ,
1322 272 1436 315 habi-

158 345 249 375 tnm
280 346 422 376 eorum
459 337 504 377 ad
542 345 775 386 magnetem
811 344 851 374 ct
886 346 1006 374 acum
1041 337 1312 387 magneticam
1352 338 1434 378 Τει-

156 399 246 441 bula
283 401 400 441 citata
438 400 629 441 monstrat
654 429 664 449 ,
719 411 771 439 ex
805 412 883 452 qua
919 412 1084 454 quoque
1116 410 1283 455 apparet
1340 413 1434 454 gra-

155 479 203 505 na
240 466 334 506 XV.
371 464 545 515 chalybis
580 465 822 515 magneticas
865 462 996 504 adhuc
1051 465 1215 507 reddere
1268 465 1434 509 Drach-

154 543 238 570 mas
269 530 482 573 duodecim
514 531 667 584 cupri,
700 529 722 569 i.
761 543 796 570 e.
840 541 857 566 1
882 543 936 569 Ξ
957 535 1028 580 48.

303 643 348 689 5)
399 640 543 696 Quoad
585 640 919 693 experimentum
957 638 1160 680 vltimum
1197 641 1238 680 in
1275 642 1430 685 Tabula

147 703 405 756 allegatum,
456 706 575 746 sciant
607 704 784 754 leeturi,
836 717 901 745 me
938 705 1138 746 mineram
1185 707 1326 747 martis
1368 707 1428 748 la-

143 770 318 810 custrem
371 769 666 811 Olonezensem
721 768 940 809 adhibuiffe
991 779 1032 810 et
1083 770 1175 811 ideo
1209 783 1289 811 non
1331 773 1428 814 adeo

149 836 406 876 mirabuntur
472 832 661 885 regulum
731 835 912 874 maxime
982 835 1261 887 magneticum
1330 838 1429 878 fuis-

145 899 214 951 se,
266 898 294 938 s1
345 901 616 941 meminerint
661 897 948 940 obseruationis
998 900 1030 949 §.
1076 912 1119 947 9.
1156 900 1311 953 Exper.
1353 914 1422 944 10.

143 963 360 1018 expositae.

295 1073 343 1118 6)
377 1069 499 1125 Quod
534 1066 746 1122 reliquum
779 1068 835 1110 est
857 1099 868 1120 ‚
904 1080 987 1124 quo
1023 1071 1153 1124 magis
1189 1069 1337 1126 lapides
1355 1086 1422 1116 ca-

140 1136 357 1178 laminares
389 1136 539 1177 fuerint
575 1133 802 1186 martiales‚
836 1146 886 1174 eo
918 1135 1086 1176 duriora
1120 1137 1264 1178 exinde
1284 1150 1420 1179 emer-

141 1213 244 1255 gunt
280 1198 493 1242 Orichalca
514 1230 526 1250 ,
570 1210 671 1253 quae
705 1199 930 1240 obseruatio
961 1212 1041 1240 non
1075 1213 1224 1255 parum
1258 1204 1424 1245 emolu-

141 1267 271 1308 menti
308 1264 550 1306 mechanicis
584 1263 734 1306 artibus
765 1265 907 1306 afferre
941 1264 1079 1319 potest.

297 1375 355 1418 Et
385 1373 479 1416 haec
515 1373 605 1414 sunt
635 1384 735 1426 quae
767 1374 815 1414 de
847 1384 976 1426 cupro
1006 1382 1048 1414 et
1079 1373 1296 1417 Orichalco
1328 1389 1420 1419 ma·

139 1441 302 1494 gnetico
335 1442 376 1481 in
414 1439 731 1495 praesentiarum
763 1440 943 1491 proferre
980 1440 1122 1492 potui,
1155 1439 1283 1481 volui.
1353 1442 1418 1484 De

138 1505 367 1548 clasticitate
399 1504 551 1547 horum
588 1506 820 1547 mixtorum
850 1503 970 1561 plura
1004 1504 1045 1546 in
1079 1505 1286 1560 posterum
1321 1505 1415 1550 Deo

136 1571 300 1614 volente
334 1569 660 1615 communicabo.

735 2155 771 2200 C
793 2168 815 2200 c
832 2167 854 2199 c
889 2167 917 2196 2
1250 2150 1408 2198 Tabula
