2008 2735
623 158 738 212 ”3013
772 159 786 212 >
823 171 849 201 0
888 156 902 215 (
935 159 1051 211 2:03-
1102 164 1106 168 ⁴
1414 177 1470 214 19

200 275 443 321 resraftionis
490 272 697 314 diuersitas
748 285 842 314 cum
873 273 1038 315 diuersis
1070 284 1233 328 quoque
1267 273 1470 319 coloribus

201 343 463 394 coniungitur
485 369 496 389 ‚
531 339 583 379 ita
605 370 616 390 ,
649 347 695 379 vt
731 338 875 390 finguli
911 340 1046 390 radii,
1080 350 1204 392 prout
1240 337 1373 394 magis
1397 354 1470 385 aur

200 410 333 448 minus
369 405 646 455 refringuntur
671 435 681 454 ,
733 402 867 444 colore
901 403 969 444 sibi
1007 405 1175 458 proprio
1215 415 1255 446 et
1308 411 1469 461 prorsus

200 469 447 512 immutabili
500 469 710 519 gaudtant.
811 468 1053 524 Quanquam
1098 482 1198 510 vero
1235 471 1469 527 principalis

196 535 319 575 totius
360 534 577 586 dioptricue
613 533 679 573 lex
714 533 869 573 dudum
908 533 955 573 sit
998 543 1037 573 ct
1089 536 1381 588 experimentis
1429 548 1471 579 et

192 598 412 639 ratiociniis
446 597 686 638 confirmata
711 629 722 648 ,
756 598 898 651 quibus
931 608 1194 651 compertum
1220 602 1275 642 est
1295 632 1306 651 ,
1342 604 1469 644 radios

189 664 367 703 eiusdem
406 672 567 703 naturae
590 693 601 714 ,
653 663 752 702 dum
787 675 839 702 ex
870 675 953 703 vno
990 662 1124 703 medio
1156 665 1198 703 in
1233 666 1344 708 ahud
1402 670 1467 708 di-

190 729 322 770 versiic
354 727 556 768 densitatis
592 727 797 768 transeunt
820 759 830 778 ‚
882 728 938 767 ita
973 727 1128 780 {emper
1165 729 1365 781 refringi,
1421 741 1468 773 vt

190 791 295 832 sinus
330 792 579 844 angulorum
617 792 855 832 incidentiae
889 800 929 832 ct
986 785 1468 836 1·efrn‹stionis‘constan-

190 867 273 898 tem
309 860 412 897 inter
448 857 482 896 se
514 856 710 894 rationem
746 855 932 905 seruent3
967 865 1102 895 tamen
1142 858 1278 898 multo
1309 860 1467 900 obstru-

192 920 269 961 sior
305 921 375 961 illa
409 918 635 972 disquisitio
668 919 754 968 est,
807 930 884 972 qua
919 920 966 958 de
1021 931 1114 959 vera
1168 920 1255 973 lege
1277 954 1288 973 ‚
1340 936 1466 976 quam

186 984 442 1024 refrac‘tiones
478 983 685 1023 radiorum
720 982 895 1025 diuersae
928 981 1073 1023 indolis
1125 982 1190 1023 seu
1244 987 1468 1029 diuerfico-

186 1048 326 1089 lorum
362 1049 577 1102 sequautur
599 1077 611 1098 ‚
645 1048 854 1100 quaeritur
875 1078 886 1098 ‚
930 1055 1075 1087 vtrum
1112 1047 1260 1091 scilicet
1292 1054 1468 1094 constans

187 1113 380 1166 quaedam
416 1114 686 1167 et¹perpetua
722 1112 826 1153 inter
869 1122 932 1152 eas
986 1114 1202 1167 proportio
1253 1117 1467 1171 obtineat,

182 1177 238 1217 ita
261 1210 271 1228 ‚
325 1188 370 1217 vt
406 1177 567 1228 cognita
604 1189 679 1231 pro
712 1177 813 1218 datis
847 1176 1002 1218 duobus
1038 1180 1179 1220 mediis
1225 1181 1462 1226 refractione

185 1244 396 1283 radiorum
434 1243 587 1283 mediae
621 1251 786 1283 naturae
818 1254 868 1282 ex
905 1240 976 1284 hac
1017 1242 1098 1283 sola
1152 1242 1232 1302 fine
1283 1247 1462 1301 respec‘tu

184 1307 230 1346 ad
281 1305 349 1347 illa
411 1308 540 1348 media
593 1306 728 1348 habito
769 1307 958 1349 refratstio
989 1308 1199 1349 radiorum
1236 1311 1462 1353 rubrorum

186 1380 226 1409 et
260 1370 537 1411 violaceorum
572 1371 731 1413 definiri
766 1371 883 1425 possit
904 1404 915 1423 ‚
964 1386 1012 1413 an
1047 1385 1147 1416 vero
1182 1373 1278 1417 hacc
1329 1377 1462 1418 deter-

185 1433 361 1472 minatio
398 1446 418 1472 a
457 1434 686 1474 mediorum
720 1432 863 1475 natura
897 1438 1204 1487 quodammodo
1258 1442 1458 1494 pendeat,

181 1496 237 1537 ita
264 1527 275 1546 ‚
324 1506 370 1535 vt
419 1498 550 1535 eidem
589 1497 818 1536 refractioni
855 1499 1005 1538 mediae
1042 1511 1122 1539 non
1157 1503 1317 1542 eaedem
1353 1508 1459 1546 {em-

182 1572 252 1614 per
288 1558 544 1600 refraetiones
578 1569 783 1600 extremae
819 1560 1111 1613 respondeant7·
1159 1574 1259 1615 quae
1292 1569 1459 1620 quidem

181 1624 435 1676 inuestigatio
470 1636 546 1663 non
583 1622 835 1666 subtilifflma
868 1623 1002 1665 solum
1054 1634 1093 1665 et
1144 1627 1304 1669 summa
1358 1646 1456 1675 cum

180 1690 366 1731 cautione
397 1687 652 1740 mollienda,
687 1690 748 1730 sed
782 1690 823 1729 in
857 1688 1072 1744 Dioptrica
1104 1703 1261 1746 quoque
1294 1701 1453 1747 grauis-

180 1753 273 1794 simi
309 1754 480 1794 omnino
516 1755 717 1794 momenti
753 1754 820 1795 est.
921 1755 1166 1811 Quanquam
1202 1759 1330 1809 igitur
1371 1776 1453 1804 non

182 1818 261 1859 stne
309 1821 466 1860 ratione
517 1817 884 1860 verofimillimum
935 1830 975 1860 et
1018 1821 1256 1862 constantiae
1290 1835 1456 1868 naturae

184 1885 365 1925 maxime
417 1883 625 1925 conforme
676 1885 894 1935 videatur,
950 1884 1202 1927 refracftiones
1253 1900 1455 1932 extremas

184 1949 298 1988 vnice
333 1961 353 1988 a
391 1949 518 1989 media
557 1950 726 2002 pendere
747 1981 760 2001 ‚
811 1952 894 2001 ita,
947 1959 993 1988 ‘vt
1025 1950 1184 2000 cognita
1218 1953 1455 1998 refractione

184 2011 314 2051 media
350 2026 412 2054 m:
439 2027 455 2052 1
500 2026 569 2067 per
602 2026 691 2055 eam
731 2015 853 2055 solam
892 2013 1076 2054 refractio
1112 2015 1227 2056 rubra
1264 2031 1311 2058 r:
1338 2032 1354 2058 1
1413 2031 1453 2061 et

184 2075 360 2118 violacea
394 2091 450 2119 v:
473 2090 488 2116 1
530 2077 749 2122 definiatur
771 2111 781 2131 ‚
820 2089 861 2119 et
895 2080 1136 2132 quantitates
1171 2095 1193 2122 r
1226 2092 1267 2123 et
1302 2096 1329 2123 v
1366 2094 1455 2124 tnn-

796 2157 816 2183 c
852 2155 875 2181 2
1327 2161 1449 2203 quam
