2008 2735
478 151 551 195 CA
559 149 724 196 LORIS
787 150 1237 195 COMMVNICATI.
1402 165 1459 204 29
1472 167 1488 194 r

215 276 356 310 notam
380 298 391 320 ,
449 267 532 309 siue
563 267 736 320 gradum
776 276 878 312 150.
914 265 1033 320 supra
1072 266 1274 320 pundmm
1308 267 1496 318 congela-

218 334 351 374 tionis.
415 336 476 375 At
507 335 617 374 enim
653 343 752 372 vero
782 329 889 371 calor
924 344 1046 385 aquae
1083 331 1254 370 minoris
1289 330 1392 371 νὼς
1423 341 1494 371 eo-

216 397 308 438 dem
347 401 470 440 modo
503 408 543 438 et
572 397 713 439 eodem
746 394 1046 437 thermometro
1079 395 1313 450 exploratus
1342 409 1494 437 nouem

215 463 402 516 gradibus
453 463 589 504 minor
637 459 1002 516 deprehendebatur
1032 492 1044 512 ,
1109 473 1211 514 quae
1270 461 1496 502 differentia

214 527 389 570 constans
424 528 607 569 manebat
629 558 641 577 ‚
692 537 740 568 vt
772 536 901 579 neque
935 525 1052 566 aneta
1086 537 1213 578 neque
1257 526 1461 566 diminuta
1487 556 1499 577 ‚

215 592 384 634 durante
412 592 652 633 ebullitione
685 604 809 646 aquae
845 594 885 631 in
921 592 1010 631 vase
1031 591 1204 643 maiori,
1239 591 1462 632 videretur.

364 688 527 743 Repetii
581 687 659 728 hoc
710 687 1045 742 experimentum
1097 687 1249 741 saepius
1318 696 1359 727 et
1432 685 1500 727 sub

215 753 380 795 variatis
412 754 724 795 circumstantiis
747 785 757 804 ‚
809 763 850 792 et
884 764 1081 793 euentum
1118 752 1275 806 semper
1321 753 1497 793 eundem

215 819 432 860 obseruaui.
499 817 660 860 Scilicet
692 818 780 871 cepi
815 819 904 858 vasa
940 818 1043 857 varii
1080 818 1238 868 generis
1260 847 1271 867 ‚
1316 816 1499 857 metalli-

216 895 257 924 ca
283 915 294 934 ,
330 884 484 934 vitrea,
518 883 672 937 lapidea
692 893 766 923 etc.
801 883 862 922 sed
898 882 1121 923 differentia
1156 883 1345 922 vasorum
1382 881 1499 922 diffe-

213 949 390 988 rentiam
428 949 467 987 in
504 947 646 988 effcetu
683 945 838 987 nullam
877 947 1102 998 produxit3
1154 957 1254 998 aqua
1289 947 1494 986 nimirum

213 1013 257 1052 in
293 1010 411 1051 nullo
444 1012 532 1050 vast:
566 1013 758 1060 minore,
792 1011 834 1048 in
871 1009 1002 1049 media
1033 1020 1137 1061 aqua
1172 1008 1388 1050 ebulliente
1424 1021 1497 1049 va-

213 1074 262 1115 fis
297 1074 463 1114 maioris
497 1073 623 1127 posita
647 1105 659 1124 ,
709 1074 756 1113 ad
786 1072 1069 1114 ebullitionem
1104 1073 1196 1124 cogi
1234 1074 1373 1127 potuit
1395 1105 1406 1124 ‚
1456 1081 1499 1113 et

209 1138 435 1179 differentia
472 1141 687 1194 vtriusque
719 1150 844 1192 aquae
877 1140 1054 1180 constans
1089 1136 1167 1178 fuit
1202 1141 1258 1187 9⁰.
1356 1138 1502 1191 Expe-

209 1203 386 1246 rimenta
438 1201 534 1244 haec
585 1204 724 1244 omnia
761 1204 814 1243 ‘in
858 1205 951 1244 a'e're
985 1211 1128 1256 aperto
1155 1233 1167 1254 ‚
1217 1204 1260 1243 in
1295 1205 1384 1244 vase
1418 1214 1501 1244 non

209 1267 339 1308 clauso
372 1267 463 1306 sunt
499 1267 680 1309 instituta
705 1299 717 1317 ,
766 1265 943 1322 adeoque
978 1269 1027 1308 de
1063 1267 1126 1306 his
1162 1275 1320 1307 tanturn
1356 1266 1500 1318 valet,

213 1331 322 1385 quod
358 1340 530 1370 euentus
560 1330 716 1385 semper
750 1331 874 1371 fuerit
910 1333 1044 1380 idem,
1079 1332 1149 1385 qui
1185 1340 1322 1371 tamen
1358 1331 1501 1371 diuer-

213 1395 277 1437 sus
311 1395 390 1435 suit
424 1395 684 1447 obseruatus,
735 1394 765 1434 fi
802 1395 843 1434 in
878 1393 979 1435 vasis
1020 1394 1165 1435 clausls
1215 1395 1500 1448 experimenta

214 1469 457 1514 caperentur
480 1491 492 1512 ,
538 1462 587 1502 de
635 1473 716 1517 quo
759 1459 1145 1514 experimentorum
1181 1471 1325 1513 genere
1359 1461 1403 1501 in
1440 1459 1501 1501 se-

215 1525 430 1581 quentibus
460 1526 607 1567 dicam.

359 1621 516 1664 Vtrum
570 1623 612 1662 in
663 1621 752 1664 aliis
803 1634 967 1677 quoque
1018 1620 1247 1664 fluidorum
1290 1621 1503 1675 generibus

216 1686 326 1728 idem
363 1685 691 1741 phaenomenum
728 1691 981 1742 paradoxum
1017 1688 1214 1731 obtineret
1241 1719 1252 1738 ‚
1287 1687 1504 1728 vlteriori-

216 1751 289 1794 bus
334 1753 625 1805 experimentis
686 1752 983 1807 explorandum
1055 1752 1299 1794 existimaui.
1398 1751 1501 1806 Cepi

218 1817 404 1868 primum
439 1819 602 1872 spiritus
635 1819 722 1859 vini
753 1848 765 1869 ‚
798 1828 841 1860 et
875 1828 970 1859 ante
1004 1818 1145 1859 omnia
1180 1817 1374 1870 spiritum
1410 1816 1502 1857 vini

217 1879 598 1925 testificatiffimum
634 1884 816 1937 optimae
851 1892 977 1924 notae.
1065 1881 1244 1923 Ebulliit
1281 1882 1398 1935 plene
1433 1881 1504 1922 sub

219 1947 344 1999 gradu
382 1945 675 1990 thormometri
712 1948 834 1989 nostri
875 1960 947 1997 32.
981 1947 1045 1988 vti
1081 1947 1258 1988 calorem
1291 1944 1504 1989 ebullitio-

218 2010 280 2053 nis
316 2010 478 2064 spiritus
518 2014 606 2055 vini
656 2012 977 2055 testificatiffimi
1033 2011 1402 2053 determinauimus
1446 2011 1503 2052 >in

217 2074 485 2120 dissertatione
538 2079 667 2121 nostra
700 2080 849 2128 citata,
897 2077 992 2119 Vid.
1026 2077 1191 2133 Comm,
1227 2077 1355 2119 Acad.·
1387 2074 1504 2117 Nov.

795 2143 879 2186 Oo
913 2155 939 2183 2
1378 2140 1502 2182 Tom.
