2008 2735
324 166 645 210 MARIAE
699 167 1201 212 RVTHEN'ICA.
1309 184 1398 223 559

129 288 274 330 beant.
324 290 428 320 terra
451 309 462 327 ‚
516 278 662 330 lapides
685 307 696 327 ‚
747 277 864 329 burga
906 282 1226 332 quaquauerium
1262 298 1399 325 remo-

132 358 307 395 ventur,
356 355 507 396 atquc,
562 343 626 383 vbi
684 341 830 393 giacies
874 346 1200 385 extremitatibus
1237 351 1399 389 matrici

128 413 330 459 adimeret,
362 407 578 460 diligenter
613 408 838 460 separatur,
872 419 994 461 atque
1020 409 1211 450 aufertur.
1282 414 1400 454 Stra·

132 490 166 518 [ιι
202 475 413 516 craffitiem
447 474 556 526 {hepo
589 482 740 512 tautam
779 473 922 512 habent
944 505 954 523 ,
994 484 1038 513 vt
1074 475 1219 526 viginti
1257 488 1296 518 ct
1334 479 1400 519 vl-

129 551 186 583 tra
222 540 302 581 Pud
337 538 472 591 glaciei
507 537 718 579 ruthenica
750 538 839 578 inde
889 537 1141 590 eliciantur,
1193 544 1397 584 interdum

125 607 220 646 adeo
251 605 418 654 tenuia,
453 615 499 645 vt
533 605 606 642 vix
641 615 786 642 vnum.
885 601 1034 643 Diffsrt
1070 606 1210 646 deinde
1244 619 1393 648 eorum

124 682 327 710 numerus.
412 669 506 710 Vno
548 669 588 709 in
626 669 721 709 nido
749 678 915 707 centum
953 670 1061 721 iziepe
1096 670 1432 723 iiiut-nimitum*

121 736 231 786 saepe
266 734 508 788 paucissima.
575 734 633 773 At
667 745 745 787 quo
776 732 1055 776 numeroslom
1089 735 1179 776 sunt
1201 766 1212 786 ,
1244 749 1295 777 eo
1331 741 1396 779 vi-

124 796 201 838 lior
234 799 287 840 est
323 799 465 851 glacies
487 829 498 848 ,
544 809 584 839 et
620 810 673 838 ex
707 808 873 837 centum
912 811 1224 853 nonnumquam
1269 803 1397 844 stratis

123 863 196 902 vix
230 874 407 918 quatuor
437 872 507 902 aut
563 863 741 916 quinque
795 861 878 902 Pud
929 861 1071 914 glaciei
1121 866 1399 918 eximuntur,

120 938 216 967 cum
252 940 303 968 cx
335 929 457 969 altera
494 938 604 981 parte
640 937 744 967 vnus
780 927 895 966 nidus
918 957 928 977 ‚
975 926 1015 966 in
1050 940 1132 981 quo
1168 931 1397 982 paucissima

121 992 237 1032 strata
272 993 418 1032 dantur
441 1022 453 1040 ‚
485 1002 651 1039 centum
686 990 766 1031 Pud
801 989 1012 1042 largiatur.
1080 993 1275 1046 Optimae
1309 996 1396 1047 gla-

118 1057 193 1098 ciei
227 1057 376 1108 viginti
407 1056 456 1096 ad
486 1055 749 1108 quadraginta
781 1055 1040 1099 effodiuntur.
1145 1057 1240 1098 Vno
1278 1059 1396 1100 strato

117 1119 342 1170 exhausto,
412 1121 564 1160 iterum
618 1119 789 1158 materia
840 1117 993 1171 Bargae
1045 1123 1258 1173 occurrit,
1324 1134 1395 1163 ant

118 1184 326 1224 substantia
366 1181 801 1234 sationem-gypsea,
855 1183 999 1233 glaciei
1053 1185 1203 1225 mariae
1256 1189 1396 1239 primo

117 1249 275 1289 intuitu
311 1245 523 1286 simillima
546 1276 558 1296 ,
609 1245 672 1286 sed
707 1257 829 1285 manu
863 1246 1010 1287 sublata
1044 1260 1239 1289 corruens
1272 1260 1312 1290 et
1352 1252 1393 1291 in

117 1312 258 1353 frustra
290 1311 464 1351 fatiscens
487 1343 498 1363 ,
530 1322 626 1364 quae
658 1309 822 1349 aciculis
856 1321 925 1351 aut
959 1311 1048 1352 sctis
1083 1311 1233 1355 slmiles
1267 1315 1358 1356 sunt
1382 1345 1395 1365 ‚

116 1377 256 1418 eadem
290 1375 446 1417 ratione
467 1406 479 1426 ,
533 1387 577 1417 ac
610 1373 756 1426 glacies
778 1404 789 1424 ‚
842 1387 966 1417 verno
998 1386 1184 1430 tempore
1216 1391 1236 1418 a
1272 1380 1394 1421 radiis

116 1441 208 1482 solis
240 1440 633 1496 perpendicularibus
666 1438 801 1480 diuisa.
866 1439 998 1493 Barga
1033 1439 1186 1497 hacque
1220 1442 1393 1485 substan-

118 1507 173 1547 tia
209 1507 360 1547 iterum
397 1516 555 1547 remota
584 1503 730 1557 glacies
761 1503 896 1546 denuo
930 1507 1108 1560 sequitur
1128 1539 1140 1559 ‚
1182 1518 1302 1562 atque
1336 1508 1394 1549 sic

116 1570 289 1612 vlterius
310 1603 321 1623 ,
355 1570 479 1612 donec
513 1569 721 1611 vniuersus
754 1570 873 1611 nidus
906 1570 1120 1612 exhaustus
1156 1570 1219 1613 sit.
1287 1572 1391 1614 Nidi

119 1645 253 1677 tamen
286 1648 514 1691 numquam
552 1635 790 1690 profundius
824 1636 980 1688 iacent,
1012 1648 1138 1690 quarn
1174 1637 1241 1678 sex
1274 1636 1391 1680 vlnas

116 1702 164 1741 ad
213 1701 438 1743 summum.
527 1701 597 1742 An
618 1731 630 1751 ,
683 1701 792 1755 quod
825 1702 873 1742 ad
905 1703 1210 1752 generationem
1242 1701 1389 1755 glaciei

117 1765 222 1806 aeris
251 1768 409 1810 externi
441 1767 676 1822 requiratur
703 1764 876 1807 adceffus
900 1762 918 1806 ζ

264 1895 314 1938 In
346 1897 447 1943 nidis
475 1894 553 1938 alia
587 1896 698 1950 saepe
731 1907 827 1938 cum
863 1894 992 1948 glacie
1026 1896 1222 1937 immixta
1263 1897 1389 1937 inue-

116 1959 285 2005 niuntur
318 1958 580 2014 heterogenea
601 1992 612 2012 ‚
644 1969 692 2001 vt
725 1959 936 2014 chrystalli
969 1959 1174 2005 oetaedrae
1210 1962 1275 2002 vel
1308 1961 1387 2002 ali-

118 2031 178 2064 ter
212 2024 420 2076 angulosae
441 2057 453 2077 ,
486 2025 553 2072 vel
588 2038 688 2067 cum
722 2026 851 2079 glacie
881 2025 1140 2078 rubiginosa,
1175 2036 1387 2079 corrupta,

65 2140 69 2145 ι
114 2087 291 2142 vitiosa,
334 2089 414 2145 ipsa
449 2090 656 2147 putiffima
685 2091 810 2132 ochra
831 2121 843 2142 2
900 2087 968 2131 vel
1003 2088 1105 2144 lapis
1137 2101 1387 2141 manganen-

245 2166 249 2171 ’
1304 2152 1353 2194 sis
1375 2183 1388 2200 ,
