2008 2735
463 153 712 203 CALORIS
778 157 1220 205 COMMVNICATI.
1393 173 1482 214 299

362 275 421 315 At
451 275 560 316 enim
594 287 694 316 vero
721 274 921 315 eiusmodi
954 273 1022 315 lex
1057 272 1293 316 vniuersalis
1325 286 1377 315 ex
1411 288 1482 316 no-

205 341 290 382 ssris
324 341 615 396 experimentis
648 341 783 381 deduci
821 352 901 380 non
938 339 1097 394 potest,
1132 339 1206 382 nisi
1242 352 1263 381 a
1301 341 1481 394 particu-

204 407 278 447 lari
312 404 547 447 concludere
581 406 628 446 ad
663 403 887 446 vniuersale
923 403 1111 447 velimus.
1211 405 1319 447 Hinc
1370 407 1482 448 vlte-

204 473 375 513 rioribus
408 471 700 524 experimentis
734 469 1001 512 decidendum
1036 470 1269 512 existimaui
1293 502 1304 522 ,
1340 483 1486 526 quate-

203 549 277 577 nus
309 537 375 577 lex
409 536 512 576 dicta
547 536 734 579 obtineat.
802 537 935 577 Variis
970 536 1016 576 ad
1050 535 1160 576 hunc
1195 535 1321 578 finem
1356 539 1484 592 captis

201 603 490 656 experimentis
542 603 675 655 reperi
707 633 719 653 ‚
776 601 878 642 hanc
933 601 1066 653 legem
1123 602 1362 656 neutiquam
1413 601 1488 645 ess‘e

205 665 469 708 vniuersalem
492 696 503 716 ‚
538 668 598 708 sed
632 667 952 721 particularem,
984 678 1119 720 quum
1155 668 1202 708 ad
1238 666 1486 721 phaenome-

203 745 272 773 nae
303 730 555 773 ebullitionis
591 733 671 774 fere
708 733 891 784 restringi
945 731 1081 774 debeat
1196 732 1309 774 Nam
1364 745 1488 788 aquae

199 799 371 838 minoris
405 794 545 836 caloris
567 828 578 847 ‚
614 798 745 852 tepida
769 829 779 848 ‚
813 797 958 850 frigida
983 827 994 847 ,
1047 796 1140 838 licet
1171 799 1218 839 ab
1252 797 1372 838 initio
1404 799 1485 842 dif-

200 865 362 903 ferentia
398 860 543 902 caloris
578 863 685 904 inter
717 875 862 916 aquam
906 861 1156 902 ambientem
1210 874 1251 903 et
1301 863 1487 904 circum-

197 927 332 967 datam
385 925 476 966 ess‘et
499 957 510 975 ‚
560 925 666 967 haud
703 929 757 966 ita
792 927 928 966 multo
965 925 1051 977 post
1088 934 1226 965 tamen
1257 928 1304 966 ad
1340 939 1485 980 aequa-

197 991 352 1031 litatem
390 991 533 1030 caloris
565 1000 606 1029 et
643 991 852 1043 temperiei
890 998 1184 1041 peruenerunt.
1283 989 1405 1045 Quod
1438 992 1486 1034 dc

194 1066 292 1107 aqua
315 1084 326 1103 ,
362 1055 467 1093 idem
504 1064 665 1107 quoque
699 1055 746 1094 de
781 1052 951 1107 reliquis
985 1053 1124 1096 fluidis
1155 1052 1290 1096 valere
1324 1055 1494 1110 debere,

193 1131 264 1172 per
296 1118 332 1157 se
365 1116 478 1160 facile
510 1118 769 1173 conspicitur.
861 1117 962 1172 Cepi
1000 1132 1146 1173 aquam
1188 1120 1366 1174 tepidam
1391 1153 1404 1175 ‚
1437 1134 1483 1164 ea

193 1181 366 1236 impleui
399 1182 636 1235 cylindrum
673 1186 891 1236 vitreum,
943 1196 1065 1238 quem
1116 1184 1265 1226 inserui
1316 1185 1358 1226 in
1411 1199 1481 1228 vas

194 1248 326 1288 maius
359 1248 570 1298 frigidiore
604 1261 703 1301 aqua
739 1250 978 1303 impletum,
1048 1249 1123 1291 Sed
1159 1247 1265 1291 haud
1287 1249 1341 1289 ita
1362 1250 1477 1290 mul-

195 1322 238 1352 to
271 1311 354 1364 post
389 1311 497 1352 idem
533 1311 675 1352 caloris
709 1314 857 1364 gradus
880 1346 891 1365 ‚
926 1323 1010 1356 tam
1043 1317 1084 1355 in
1118 1327 1218 1370 aqua
1249 1313 1475 1369 ambiente,

192 1388 314 1431 quam
352 1377 503 1416 ambita
538 1374 639 1416 mihi
673 1378 960 1430 reperiebatur.

353 1440 520 1480 Variani
557 1441 634 1482 hoc
670 1444 1002 1499 experimentum
1038 1442 1156 1485 vario
1206 1446 1364 1495 mod0‚
1417 1446 1473 1487 ita

192 1516 240 1547 vt
290 1505 470 1546 ambiens
520 1505 728 1560 fluidum,
777 1518 819 1549 et
867 1509 976 1562 quod
1026 1507 1184 1548 abhoc
1219 1509 1470 1550 ambiebatur

191 1572 315 1612 variis
350 1571 492 1611 caloris
525 1573 711 1624 gradibus
746 1574 885 1625 primo
921 1584 1108 1625 tempore
1140 1572 1373 1623 differrent,
1408 1575 1469 1616 sed

189 1638 410 1679 sufficiente
448 1639 645 1693 temporis
680 1637 898 1679 interuallo
932 1636 1102 1693 perfec‘ta
1137 1637 1281 1679 caloris
1302 1648 1341 1677 et
1361 1648 1470 1680 tem-

192 1704 315 1755 periei
348 1703 567 1756 aequalitas
602 1704 706 1743 inter
740 1703 913 1744 fluidum
946 1703 1110 1757 cingens
1137 1713 1180 1745 et
1211 1703 1395 1746 cinctum
1446 1717 1468 1746 a

192 1780 259 1807 me
293 1767 675 1820 deprehendebatur.

342 1832 503 1876 Scilicet
537 1834 648 1875 calor
682 1833 842 1874 mixtus
876 1845 916 1875 et
953 1834 1109 1875 medius
1130 1865 1141 1884 ‚
1175 1834 1237 1873 vti
1271 1833 1366 1874 alias
1388 1864 1399 1884 ‚
1435 1833 1464 1876 sl

189 1896 312 1937 fluida
348 1897 492 1939 diuersi
528 1899 672 1940 caloris
706 1900 928 1940 miscentur
951 1931 961 1948 ,
1010 1901 1216 1940 oriebatur
1251 1899 1293 1938 in
1336 1898 1466 1941 fluido

190 1963 390 2003 ambiente
414 1994 425 2012 ‚
456 1973 495 2002 et
527 1976 575 2004 eo
598 1994 609 2014 ‚
643 1965 750 2017 quod
785 1965 1045 2005 ambiebatur.
1134 1963 1251 2016 Ergo
1283 1963 1331 2004 ad
1366 1963 1466 2006 flui-

189 2029 238 2069 da
270 2026 500 2068 ebullientia
555 2029 593 2068 in
644 2029 809 2071 diuersis
861 2029 963 2069 vasis
1013 2038 1232 2080 contenta,
1283 2041 1463 2082 quorum

188 2105 318 2135 vnum
353 2093 528 2135 alterum
563 2095 743 2136 continet
764 2125 775 2147 ‚
817 2093 1145 2136 communicatio
1176 2094 1318 2137 caloris
1354 2095 1463 2135 inae·

826 2158 856 2199 P
875 2170 902 2212 p
937 2172 959 2198 2
1334 2160 1463 2214 qualis
