2008 2735
178 133 221 156 ¹⁹*
346 136 425 181 BA
434 133 862 181 ROMETRORVM
895 131 1268 196 DISQVISITIO.
1373 150 1398 193 3
1409 154 1427 182 ι
1439 153 1468 195 3

176 264 372 311 tanquam
404 263 552 308 corpus
586 263 658 306 per
693 251 729 292 {e
763 249 1034 303 elffiricum,
1068 252 1246 294 effluxui
1273 258 1469 297 manci-iae

176 321 389 365 elei-“tricae
423 331 474 361 ex
506 318 620 359 vitro
653 315 871 370 aliqualem
904 318 1081 372 opponit
1142 317 1433 362 difficultatem
1453 352 1468 375 ,

177 400 231 428 ω
267 388 464 428 maiorem
487 414 500 435 ‚
552 394 636 438 quo
670 381 859 434 densior,
906 394 954 423 eo
988 384 1195 425 minorem
1218 416 1231 437 ‚
1280 397 1364 440 quo
1398 399 1466 428 ra·-

178 455 266 495 tior
300 452 368 494 est.
433 448 544 491 Cum
581 450 775 502 proinde,
808 446 837 487 si
872 446 1027 501 aliquid
1062 451 1167 490 a'e’ris
1201 451 1242 491 in
1277 451 1467 493 barome-

177 518 233 560 tri
289 517 521 559 summitate
574 513 812 567 reperitur,
866 512 1043 554 fluidum
1102 514 1346 556 eleetricum
1378 531 1464 560 non

179 595 266 625 tam
302 582 421 623 libere
455 591 506 620 cx
540 588 653 632 parte
691 578 776 619 tubi
810 577 995 619 cleftrica
1040 578 1140 621 fincta
1191 593 1256 621 ac
1279 580 1303 622 b
1326 581 1354 621 d
1403 583 1464 624 ef-

177 648 304 690 fluere
337 656 458 702 queat
479 676 492 697 ,
544 653 584 684 ct
618 642 858 684 debiliorem
896 643 973 684 tale
1006 646 1287 687 baromctrum
1321 646 1460 689 lucem

173 714 290 755 edere
310 743 322 763 ‚
370 722 412 752 et
466 711 509 750 in
548 709 686 750 vitreo
719 709 818 752 tubo
851 707 1093 752 electricitas
1127 711 1324 766 quaedam
1358 725 1460 755 con-

174 777 322 820 seruari
357 777 482 818 debet.

326 875 357 924 ξ,
399 883 470 920 17.
504 870 652 913 Oritur
686 881 737 910 ex
771 870 975 925 postremo
1027 869 1105 912 hoc
1128 902 1142 923 ‚
1190 874 1300 926 quod
1347 874 1458 916 eius·

174 939 289 981 modi
342 940 571 979 barometra
620 935 746 974 etiam
797 935 838 973 in
888 934 1041 974 ascensu
1089 938 1286 976 mercurii
1321 936 1458 980 lucem

172 1003 372 1057 quandam
405 1001 520 1041 edere
554 997 712 1039 soleant.
780 997 900 1039 Dum
933 1010 1087 1052 nempe
1119 999 1324 1042 ascendens
1342 1015 1459 1044 mer·

169 1067 342 1115 curius,
393 1061 573 1117 partibus
610 1060 696 1101 tubi
731 1062 1037 1116 superioribus,
1087 1062 1270 1119 aliquam
1327 1066 1458 1109 adhuc

168 1130 478 1173 eiee'tricitatcm
514 1125 779 1167 retinentibus
814 1128 1085 1183 propinquior
1115 1130 1320 1184 redditur,
1344 1142 1458 1174 tran-

171 1195 282 1238 silire
319 1193 446 1248 potest
481 1191 657 1232 fluidum
689 1191 929 1234 elee'tricum
967 1194 1008 1235 in
1044 1196 1300 1237 mercurium
1357 1211 1458 1252 pro-

171 1260 433 1315 pinquiorem
470 1255 563 1308 ipsis
596 1255 747 1297 fitc‘tum
769 1287 780 1306 ,
834 1260 877 1299 in
911 1270 1037 1311 quem
1072 1259 1120 1299 ad
1154 1261 1355 1301 maiorem
1391 1263 1458 1303 di-

171 1325 358 1368 stantiam
379 1351 392 1373 ,
429 1320 483 1360 ob
516 1321 621 1360 a'e'ris
652 1319 934 1373 resistentiam,
966 1322 1137 1364 transire
1171 1337 1254 1365 non
1289 1324 1458 1379 valebat,

172 1389 278 1430 vnde
329 1384 455 1428 simul
509 1384 784 1439 perspicitur,
834 1387 1040 1428 vndcnam
1093 1388 1204 1438 fiat,
1253 1391 1361 1444 quod
1413 1392 1458 1432 in

170 1453 326 1496 ascensu
363 1451 558 1493 mercurii
593 1450 630 1490 se
667 1451 888 1492 monstrans
921 1451 1026 1505 lux,
1062 1453 1205 1494 debilis
1234 1452 1308 1508 fit,
1342 1467 1459 1498 mer·-

169 1519 357 1573 curiique
392 1516 623 1558 summitati
657 1515 871 1558 adhaerere
905 1517 1014 1571 quasi
1047 1519 1247 1560 videatur.

319 1615 354 1664 §-
395 1618 463 1656 18.
518 1611 682 1668 Quanta
733 1611 817 1664 fit,
869 1612 916 1653 ad
967 1626 1089 1669 quam
1133 1613 1202 1657 hic
1237 1611 1454 1671 prouoco,⁴

169 1680 275 1723 a'e‘ris
313 1680 352 1719 in
388 1678 646 1732 impediendo
681 1676 851 1718 transitu
887 1677 1003 1721 fluidi
1038 1680 1213 1721 elec‘trici
1262 1694 1317 1724 ex
1367 1694 1454 1725 vno

169 1756 343 1798 corpore
376 1746 418 1785 in
454 1743 594 1793 aliud,
631 1745 843 1797 potentia,
887 1755 938 1783 ex
971 1745 1151 1798 sequenti
1186 1747 1452 1800 experimen-

170 1818 215 1850 to
250 1808 479 1861 intelligere
514 1817 706 1863 poterunt
754 1807 936 1848 leetores.
1030 1809 1238 1864 Campana
1286 1812 1415 1852 vitrea
1437 1842 1450 1864 ,

159 1874 270 1929 seg
293 1905 305 1925 ‚
349 1873 419 1926 fig.
461 1886 499 1922 3.
531 1873 577 1914 ad
612 1886 632 1913 e
664 1874 860 1927 perforata
894 1885 994 1928 pura
1027 1884 1068 1915 et
1105 1874 1204 1916 ficca
1255 1875 1447 1932 impona·
1475 1888 1566 1928 Tab.
1593 1888 1639 1929 v,

172 1950 240 1980 tur
274 1938 380 1979 disco
414 1938 620 1980 metallico
652 1952 674 1978 c
693 1939 723 1979 d
751 1937 929 1979 antliliae
952 1941 1228 1992 pneumaticae
1251 1971 1263 1992 ,
1293 1950 1334 1982 et
1354 1941 1449 1986 huic

169 2017 252 2049 non
301 2015 378 2057 ope
430 2003 527 2043 corii
584 2005 734 2045 madidi
790 2002 1030 2057 (humiditas
1081 2005 1197 2046 enim
1233 2008 1368 2048 omnis
1405 2008 1447 2049 in

165 2069 460 2124 experimentis
490 2066 688 2109 electrieis
722 2068 888 2113 sollicite
922 2071 1085 2112 vitanda
1134 2069 1204 2129 est)
1250 2072 1314 2116 sed
1365 2084 1464 2126 ope-

232 2131 775 2195 Tom.XII.Nou.Comm3
981 2135 1020 2181 R
1038 2150 1060 2180 r
1311 2148 1447 2181 annu·
