<?xml version="1.0" encoding="UTF-8"?>
<!DOCTYPE html PUBLIC "-//W3C//DTD XHTML 1.0 Transitional//EN"
    "http://www.w3.org/TR/xhtml1/DTD/xhtml1-transitional.dtd">
<html xmlns="http://www.w3.org/1999/xhtml" xml:lang="en" lang="en">
 <head>
  <title>
</title>
<meta http-equiv="Content-Type" content="text/html;charset=utf-8" />
  <meta name='ocr-system' content='tesseract 3.04.00' />
  <meta name='ocr-capabilities' content='ocr_page ocr_carea ocr_par ocr_line ocrx_word'/>
</head>
<body>
  <div class='ocr_page' id='page_1' title='image "./novicommentariac12impe_0463.png"; bbox 0 0 2008 2735; ppageno 0'>
   <div class='ocr_carea' id='block_1_1' title="bbox 380 168 1426 226">
    <p class='ocr_par' dir='ltr' id='par_1_1' title="bbox 380 168 1426 226">
     <span class='ocr_line' id='line_1_1' title="bbox 380 168 1426 226; baseline -0.001 -7"><span class='ocrx_word' id='word_1_1' title='bbox 380 171 640 220; x_wconf 67' lang='lat' dir='ltr'><strong>STARA</strong></span> <span class='ocrx_word' id='word_1_2' title='bbox 702 168 1210 218; x_wconf 76' lang='lat' dir='ltr'><strong>RVSSIENSIS.</strong></span> <span class='ocrx_word' id='word_1_3' title='bbox 1333 181 1426 226; x_wconf 81' lang='lat'>401</span> 
     </span>
    </p>
   </div>
   <div class='ocr_carea' id='block_1_2' title="bbox 144 284 1477 2216">
    <p class='ocr_par' dir='ltr' id='par_1_2' title="bbox 144 284 1477 2152">
     <span class='ocr_line' id='line_1_2' title="bbox 158 284 1431 343; baseline -0.005 -7"><span class='ocrx_word' id='word_1_4' title='bbox 158 290 362 335; x_wconf 71' lang='lat' dir='ltr'>martialcs</span> <span class='ocrx_word' id='word_1_5' title='bbox 393 303 488 332; x_wconf 91' lang='lat' dir='ltr'>cum</span> <span class='ocrx_word' id='word_1_6' title='bbox 522 287 704 330; x_wconf 77' lang='lat' dir='ltr'>calcareis</span> <span class='ocrx_word' id='word_1_7' title='bbox 735 289 892 330; x_wconf 85' lang='lat' dir='ltr'>mixtos</span> <span class='ocrx_word' id='word_1_8' title='bbox 925 287 1073 343; x_wconf 82' lang='lat' dir='ltr'>vbique</span> <span class='ocrx_word' id='word_1_9' title='bbox 1104 284 1268 328; x_wconf 85' lang='lat' dir='ltr'>exhibet</span> <span class='ocrx_word' id='word_1_10' title='bbox 1288 317 1300 340; x_wconf 88' lang='lat'>,</span> <span class='ocrx_word' id='word_1_11' title='bbox 1348 299 1431 329; x_wconf 75' lang='lat' dir='ltr'>vn-</span> 
     </span>
     <span class='ocr_line' id='line_1_3' title="bbox 155 352 1430 413; baseline -0.004 -15"><span class='ocrx_word' id='word_1_12' title='bbox 155 360 201 398; x_wconf 83' lang='lat' dir='ltr'>de</span> <span class='ocrx_word' id='word_1_13' title='bbox 235 368 394 413; x_wconf 84' lang='lat' dir='ltr'>qnoque</span> <span class='ocrx_word' id='word_1_14' title='bbox 430 354 589 397; x_wconf 75' lang='lat' dir='ltr'>forsitan</span> <span class='ocrx_word' id='word_1_15' title='bbox 626 365 775 394; x_wconf 90' lang='lat' dir='ltr'>nomen</span> <span class='ocrx_word' id='word_1_16' title='bbox 809 353 926 394; x_wconf 90' lang='lat' dir='ltr'>suum</span> <span class='ocrx_word' id='word_1_17' title='bbox 959 353 1100 408; x_wconf 80' lang='lat' dir='ltr'>adepta</span> <span class='ocrx_word' id='word_1_18' title='bbox 1147 353 1213 395; x_wconf 88' lang='lat' dir='ltr'>est.</span> <span class='ocrx_word' id='word_1_19' title='bbox 1312 352 1430 409; x_wconf 80' lang='lat' dir='ltr'>Quae</span> 
     </span>
     <span class='ocr_line' id='line_1_4' title="bbox 157 418 1429 474; baseline -0.004 -10"><span class='ocrx_word' id='word_1_20' title='bbox 157 425 261 464; x_wconf 79' lang='lat' dir='ltr'>circa</span> <span class='ocrx_word' id='word_1_21' title='bbox 297 420 614 474; x_wconf 85' lang='lat' dir='ltr'>Nowgorodum</span> <span class='ocrx_word' id='word_1_22' title='bbox 669 418 905 474; x_wconf 86' lang='lat' dir='ltr'>Petropolin</span> <span class='ocrx_word' id='word_1_23' title='bbox 957 429 1084 472; x_wconf 87' lang='lat' dir='ltr'>vsque</span> <span class='ocrx_word' id='word_1_24' title='bbox 1130 418 1429 460; x_wconf 81' lang='lat' dir='ltr'>obseruauerim</span> 
     </span>
     <span class='ocr_line' id='line_1_5' title="bbox 155 482 1428 543; baseline -0.002 -14"><span class='ocrx_word' id='word_1_25' title='bbox 155 488 271 543; x_wconf 78' lang='lat' dir='ltr'>supra</span> <span class='ocrx_word' id='word_1_26' title='bbox 309 487 474 527; x_wconf 79' lang='lat' dir='ltr'>iamiam</span> <span class='ocrx_word' id='word_1_27' title='bbox 507 485 606 525; x_wconf 83' lang='lat' dir='ltr'><strong>dixi.</strong></span> <span class='ocrx_word' id='word_1_28' title='bbox 676 482 855 538; x_wconf 79' lang='lat' dir='ltr'>Superest</span> <span class='ocrx_word' id='word_1_29' title='bbox 889 491 938 523; x_wconf 81' lang='lat' dir='ltr'>vt</span> <span class='ocrx_word' id='word_1_30' title='bbox 968 485 1107 537; x_wconf 82' lang='lat' dir='ltr'>paucis</span> <span class='ocrx_word' id='word_1_31' title='bbox 1140 482 1270 526; x_wconf 86' lang='lat' dir='ltr'>adhuc</span> <span class='ocrx_word' id='word_1_32' title='bbox 1290 496 1428 527; x_wconf 86' lang='lat' dir='ltr'>meam</span> 
     </span>
     <span class='ocr_line' id='line_1_6' title="bbox 153 547 1429 602; baseline -0.004 -8"><span class='ocrx_word' id='word_1_33' title='bbox 153 555 200 594; x_wconf 86' lang='lat' dir='ltr'>de</span> <span class='ocrx_word' id='word_1_34' title='bbox 232 550 355 594; x_wconf 81' lang='lat' dir='ltr'>causlS</span> <span class='ocrx_word' id='word_1_35' title='bbox 389 549 539 591; x_wconf 90' lang='lat' dir='ltr'>horum</span> <span class='ocrx_word' id='word_1_36' title='bbox 573 547 958 590; x_wconf 79' lang='lat' dir='ltr'>Phaenomenorum</span> <span class='ocrx_word' id='word_1_37' title='bbox 1006 548 1245 590; x_wconf 85' lang='lat' dir='ltr'>sententiam</span> <span class='ocrx_word' id='word_1_38' title='bbox 1295 560 1429 602; x_wconf 85' lang='lat' dir='ltr'>expo-</span> 
     </span>
     <span class='ocr_line' id='line_1_7' title="bbox 153 613 1428 668; baseline -0.004 -10"><span class='ocrx_word' id='word_1_39' title='bbox 153 630 261 658; x_wconf 79' lang='lat' dir='ltr'>nam.</span> <span class='ocrx_word' id='word_1_40' title='bbox 359 615 556 656; x_wconf 76' lang='lat' dir='ltr'>Vniueria</span> <span class='ocrx_word' id='word_1_41' title='bbox 601 614 740 665; x_wconf 83' lang='lat' dir='ltr'>Ingria</span> <span class='ocrx_word' id='word_1_42' title='bbox 775 626 854 655; x_wconf 90' lang='lat' dir='ltr'>non</span> <span class='ocrx_word' id='word_1_43' title='bbox 888 614 1025 654; x_wconf 85' lang='lat' dir='ltr'>minus</span> <span class='ocrx_word' id='word_1_44' title='bbox 1055 625 1180 668; x_wconf 81' lang='lat' dir='ltr'>quam</span> <span class='ocrx_word' id='word_1_45' title='bbox 1216 613 1428 667; x_wconf 77' lang='lat' dir='ltr'>Principa-</span> 
     </span>
     <span class='ocr_line' id='line_1_8' title="bbox 153 677 1429 733; baseline -0.005 -10"><span class='ocrx_word' id='word_1_46' title='bbox 153 692 215 723; x_wconf 89' lang='lat' dir='ltr'>tus</span> <span class='ocrx_word' id='word_1_47' title='bbox 254 677 597 732; x_wconf 78' lang='lat' dir='ltr'>Nowgorodcnsis</span> <span class='ocrx_word' id='word_1_48' title='bbox 633 690 722 733; x_wconf 83' lang='lat' dir='ltr'>pars</span> <span class='ocrx_word' id='word_1_49' title='bbox 756 679 942 720; x_wconf 80' lang='lat' dir='ltr'>inundata</span> <span class='ocrx_word' id='word_1_50' title='bbox 998 677 1102 720; x_wconf 89' lang='lat' dir='ltr'>olim</span> <span class='ocrx_word' id='word_1_51' title='bbox 1149 677 1259 719; x_wconf 84' lang='lat' dir='ltr'>fuiffe</span> <span class='ocrx_word' id='word_1_52' title='bbox 1310 678 1429 720; x_wconf 77' lang='lat' dir='ltr'>vide-</span> 
     </span>
     <span class='ocr_line' id='line_1_9' title="bbox 149 742 1428 797; baseline -0.002 -11"><span class='ocrx_word' id='word_1_53' title='bbox 149 757 228 786; x_wconf 90' lang='lat' dir='ltr'>tur.</span> <span class='ocrx_word' id='word_1_54' title='bbox 298 746 473 797; x_wconf 74' lang='lat' dir='ltr'>Vestigia</span> <span class='ocrx_word' id='word_1_55' title='bbox 511 743 632 783; x_wconf 78' lang='lat' dir='ltr'>huius</span> <span class='ocrx_word' id='word_1_56' title='bbox 667 743 722 783; x_wconf 89' lang='lat' dir='ltr'>rei</span> <span class='ocrx_word' id='word_1_57' title='bbox 758 745 906 797; x_wconf 82' lang='lat' dir='ltr'>vbique</span> <span class='ocrx_word' id='word_1_58' title='bbox 939 744 1019 784; x_wconf 84' lang='lat' dir='ltr'>fere</span> <span class='ocrx_word' id='word_1_59' title='bbox 1051 752 1296 796; x_wconf 89' lang='lat' dir='ltr'>occurrunt,</span> <span class='ocrx_word' id='word_1_60' title='bbox 1328 742 1428 796; x_wconf 85' lang='lat' dir='ltr'>quin</span> 
     </span>
     <span class='ocr_line' id='line_1_10' title="bbox 152 807 1428 862; baseline -0.002 -11"><span class='ocrx_word' id='word_1_61' title='bbox 152 822 243 852; x_wconf 82' lang='lat' dir='ltr'>ante</span> <span class='ocrx_word' id='word_1_62' title='bbox 277 811 430 851; x_wconf 84' lang='lat' dir='ltr'>nostros</span> <span class='ocrx_word' id='word_1_63' title='bbox 463 808 573 862; x_wconf 79' lang='lat' dir='ltr'>quasi</span> <span class='ocrx_word' id='word_1_64' title='bbox 610 809 726 860; x_wconf 84' lang='lat' dir='ltr'>pedes</span> <span class='ocrx_word' id='word_1_65' title='bbox 759 808 1057 850; x_wconf 72' lang='lat' dir='ltr'>circumiacent.</span> <span class='ocrx_word' id='word_1_66' title='bbox 1130 807 1279 849; x_wconf 80' lang='lat' dir='ltr'>Beatus</span> <span class='ocrx_word' id='word_1_67' title='bbox 1308 807 1428 850; x_wconf 69' lang='lat' dir='ltr'>Gme⁴</span> 
     </span>
     <span class='ocr_line' id='line_1_11' title="bbox 147 873 1424 926; baseline -0.003 -11"><span class='ocrx_word' id='word_1_68' title='bbox 147 874 243 916; x_wconf 66' lang='lat' dir='ltr'>linus</span> <span class='ocrx_word' id='word_1_69' title='bbox 279 875 319 914; x_wconf 90' lang='lat' dir='ltr'>in</span> <span class='ocrx_word' id='word_1_70' title='bbox 355 873 670 916; x_wconf 74' lang='lat' dir='ltr'>Commentariis</span> <span class='ocrx_word' id='word_1_71' title='bbox 707 873 846 913; x_wconf 84' lang='lat' dir='ltr'>nostris</span> <span class='ocrx_word' id='word_1_72' title='bbox 880 873 927 912; x_wconf 83' lang='lat' dir='ltr'>de</span> <span class='ocrx_word' id='word_1_73' title='bbox 964 875 1043 913; x_wconf 87' lang='lat' dir='ltr'>An.</span> <span class='ocrx_word' id='word_1_74' title='bbox 1082 878 1216 920; x_wconf 85' lang='lat'>1728.</span> <span class='ocrx_word' id='word_1_75' title='bbox 1254 886 1288 926; x_wconf 90' lang='lat' dir='ltr'>p.</span> <span class='ocrx_word' id='word_1_76' title='bbox 1316 874 1424 922; x_wconf 85' lang='lat'><em>246.</em></span> 
     </span>
     <span class='ocr_line' id='line_1_12' title="bbox 147 935 1430 994; baseline -0.004 -13"><span class='ocrx_word' id='word_1_77' title='bbox 147 941 250 994; x_wconf 68' lang='lat' dir='ltr'>seqq.</span> <span class='ocrx_word' id='word_1_78' title='bbox 284 940 331 980; x_wconf 88' lang='lat' dir='ltr'>de</span> <span class='ocrx_word' id='word_1_79' title='bbox 372 938 645 984; x_wconf 77' lang='lat' dir='ltr'>Belcinniti5‚</span> <span class='ocrx_word' id='word_1_80' title='bbox 691 935 1006 977; x_wconf 81' lang='lat' dir='ltr'>Orthoceratitis</span> <span class='ocrx_word' id='word_1_81' title='bbox 1028 965 1039 985; x_wconf 90' lang='lat'>,</span> <span class='ocrx_word' id='word_1_82' title='bbox 1077 935 1264 976; x_wconf 86' lang='lat' dir='ltr'>Alueolis</span> <span class='ocrx_word' id='word_1_83' title='bbox 1300 947 1430 990; x_wconf 86' lang='lat' dir='ltr'>prope</span> 
     </span>
     <span class='ocr_line' id='line_1_13' title="bbox 147 997 1429 1053; baseline -0.005 -7"><span class='ocrx_word' id='word_1_84' title='bbox 147 1003 375 1046; x_wconf 74' lang='lat' dir='ltr'>Slowianka</span> <span class='ocrx_word' id='word_1_85' title='bbox 401 1033 411 1052; x_wconf 90' lang='lat'>‚</span> <span class='ocrx_word' id='word_1_86' title='bbox 463 998 688 1042; x_wconf 83' lang='lat' dir='ltr'>Duderhof</span> <span class='ocrx_word' id='word_1_87' title='bbox 717 1010 759 1039; x_wconf 86' lang='lat' dir='ltr'>et</span> <span class='ocrx_word' id='word_1_88' title='bbox 794 1000 946 1040; x_wconf 84' lang='lat' dir='ltr'>Krasna</span> <span class='ocrx_word' id='word_1_89' title='bbox 967 1021 984 1028; x_wconf 92' lang='lat'>-</span> <span class='ocrx_word' id='word_1_90' title='bbox 1006 997 1116 1039; x_wconf 88' lang='lat' dir='ltr'>Siclo</span> <span class='ocrx_word' id='word_1_91' title='bbox 1147 1000 1396 1053; x_wconf 86' lang='lat' dir='ltr'>reperiundis</span> <span class='ocrx_word' id='word_1_92' title='bbox 1416 1030 1429 1051; x_wconf 92' lang='lat'>,</span> 
     </span>
     <span class='ocr_line' id='line_1_14' title="bbox 148 1061 1429 1118; baseline -0.002 -11"><span class='ocrx_word' id='word_1_93' title='bbox 148 1068 353 1107; x_wconf 78' lang='lat' dir='ltr'>vberrzme</span> <span class='ocrx_word' id='word_1_94' title='bbox 401 1066 521 1104; x_wconf 83' lang='lat' dir='ltr'>dixit.</span> <span class='ocrx_word' id='word_1_95' title='bbox 620 1061 708 1115; x_wconf 80' lang='lat' dir='ltr'>Ipse</span> <span class='ocrx_word' id='word_1_96' title='bbox 761 1073 854 1104; x_wconf 81' lang='lat' dir='ltr'>ante</span> <span class='ocrx_word' id='word_1_97' title='bbox 900 1062 1108 1103; x_wconf 87' lang='lat' dir='ltr'>biennium</span> <span class='ocrx_word' id='word_1_98' title='bbox 1145 1076 1270 1118; x_wconf 85' lang='lat' dir='ltr'>prope</span> <span class='ocrx_word' id='word_1_99' title='bbox 1304 1065 1429 1106; x_wconf 70' lang='lat' dir='ltr'>I’udes</span> 
     </span>
     <span class='ocr_line' id='line_1_15' title="bbox 145 1123 1427 1183; baseline 0.001 -14"><span class='ocrx_word' id='word_1_100' title='bbox 145 1142 297 1183; x_wconf 72' lang='lat' dir='ltr'>fmgum</span> <span class='ocrx_word' id='word_1_101' title='bbox 335 1142 406 1177; x_wconf 84' lang='lat'>42.</span> <span class='ocrx_word' id='word_1_102' title='bbox 445 1129 593 1170; x_wconf 81' lang='lat' dir='ltr'>Leucas</span> <span class='ocrx_word' id='word_1_103' title='bbox 630 1123 801 1168; x_wconf 75' lang='lat' dir='ltr'>Rufficas</span> <span class='ocrx_word' id='word_1_104' title='bbox 835 1127 881 1168; x_wconf 82' lang='lat' dir='ltr'>ab</span> <span class='ocrx_word' id='word_1_105' title='bbox 940 1126 1034 1168; x_wconf 88' lang='lat' dir='ltr'>hinc</span> <span class='ocrx_word' id='word_1_106' title='bbox 1086 1128 1332 1181; x_wconf 78' lang='lat' dir='ltr'>distantem,</span> <span class='ocrx_word' id='word_1_107' title='bbox 1384 1130 1427 1170; x_wconf 89' lang='lat' dir='ltr'>in</span> 
     </span>
     <span class='ocr_line' id='line_1_16' title="bbox 145 1191 1426 1247; baseline -0.002 -12"><span class='ocrx_word' id='word_1_108' title='bbox 145 1194 276 1247; x_wconf 82' lang='lat' dir='ltr'>lapide</span> <span class='ocrx_word' id='word_1_109' title='bbox 307 1195 488 1233; x_wconf 68' lang='lat' dir='ltr'>arenario</span> <span class='ocrx_word' id='word_1_110' title='bbox 523 1204 562 1232; x_wconf 87' lang='lat' dir='ltr'>et</span> <span class='ocrx_word' id='word_1_111' title='bbox 593 1191 767 1231; x_wconf 61' lang='lat' dir='ltr'>cult-areo</span> <span class='ocrx_word' id='word_1_112' title='bbox 803 1192 987 1244; x_wconf 67' lang='lat' dir='ltr'>Estypos</span> <span class='ocrx_word' id='word_1_113' title='bbox 1018 1191 1190 1245; x_wconf 83' lang='lat' dir='ltr'>piscium</span> <span class='ocrx_word' id='word_1_114' title='bbox 1216 1225 1227 1245; x_wconf 87' lang='lat'>‚</span> <span class='ocrx_word' id='word_1_115' title='bbox 1261 1194 1426 1236; x_wconf 87' lang='lat' dir='ltr'>Strom-</span> 
     </span>
     <span class='ocr_line' id='line_1_17' title="bbox 144 1253 1427 1306; baseline -0.002 -7"><span class='ocrx_word' id='word_1_116' title='bbox 144 1260 325 1306; x_wconf 85' lang='lat' dir='ltr'>borum,</span> <span class='ocrx_word' id='word_1_117' title='bbox 359 1255 654 1306; x_wconf 65' lang='grc' dir='ltr'>Μ)ιιι1οῑιιῐῑι,</span> <span class='ocrx_word' id='word_1_118' title='bbox 690 1253 965 1301; x_wconf 85' lang='lat' dir='ltr'>Buccinorum</span> <span class='ocrx_word' id='word_1_119' title='bbox 986 1286 997 1305; x_wconf 92' lang='lat'>‚</span> <span class='ocrx_word' id='word_1_120' title='bbox 1033 1255 1306 1298; x_wconf 75' lang='lat' dir='ltr'>Cochlearum</span> <span class='ocrx_word' id='word_1_121' title='bbox 1328 1255 1427 1298; x_wconf 65' lang='lat' dir='ltr'>xul-</span> 
     </span>
     <span class='ocr_line' id='line_1_18' title="bbox 147 1318 1428 1375; baseline 0 -13"><span class='ocrx_word' id='word_1_122' title='bbox 147 1324 309 1375; x_wconf 76' lang='lat' dir='ltr'>gitium</span> <span class='ocrx_word' id='word_1_123' title='bbox 342 1331 380 1360; x_wconf 88' lang='lat' dir='ltr'>et</span> <span class='ocrx_word' id='word_1_124' title='bbox 416 1321 496 1373; x_wconf 76' lang='lat' dir='ltr'>ipit</span> <span class='ocrx_word' id='word_1_125' title='bbox 532 1320 624 1361; x_wconf 74' lang='lat' dir='ltr'>haec</span> <span class='ocrx_word' id='word_1_126' title='bbox 660 1318 870 1371; x_wconf 52' lang='lat' dir='ltr'>conchylia</span> <span class='ocrx_word' id='word_1_127' title='bbox 905 1320 1115 1373; x_wconf 69' lang='lat' dir='ltr'>petr22ef16t1</span> <span class='ocrx_word' id='word_1_128' title='bbox 1150 1320 1303 1362; x_wconf 76' lang='lat' dir='ltr'>affatim</span> <span class='ocrx_word' id='word_1_129' title='bbox 1359 1321 1428 1362; x_wconf 77' lang='lat' dir='ltr'>vi·</span> 
     </span>
     <span class='ocr_line' id='line_1_19' title="bbox 149 1384 1425 1440; baseline -0.001 -12"><span class='ocrx_word' id='word_1_130' title='bbox 149 1390 188 1428; x_wconf 78' lang='lat' dir='ltr'>di</span> <span class='ocrx_word' id='word_1_131' title='bbox 220 1387 367 1439; x_wconf 78' lang='lat' dir='ltr'>,quin</span> <span class='ocrx_word' id='word_1_132' title='bbox 401 1396 440 1426; x_wconf 87' lang='lat' dir='ltr'>ct</span> <span class='ocrx_word' id='word_1_133' title='bbox 478 1387 515 1425; x_wconf 91' lang='lat' dir='ltr'>in</span> <span class='ocrx_word' id='word_1_134' title='bbox 554 1384 701 1427; x_wconf 84' lang='lat' dir='ltr'>infimo</span> <span class='ocrx_word' id='word_1_135' title='bbox 732 1385 874 1440; x_wconf 79' lang='lat' dir='ltr'>l·1pidis</span> <span class='ocrx_word' id='word_1_136' title='bbox 908 1399 998 1426; x_wconf 81' lang='lat' dir='ltr'>arei.</span> <span class='ocrx_word' id='word_1_137' title='bbox 1005 1387 1079 1426; x_wconf 82' lang='lat' dir='ltr'>arii</span> <span class='ocrx_word' id='word_1_138' title='bbox 1115 1387 1234 1429; x_wconf 79' lang='lat' dir='ltr'>strato</span> <span class='ocrx_word' id='word_1_139' title='bbox 1268 1388 1425 1428; x_wconf 89' lang='lat' dir='ltr'>ferrum</span> 
     </span>
     <span class='ocr_line' id='line_1_20' title="bbox 149 1449 1426 1506; baseline 0.002 -15"><span class='ocrx_word' id='word_1_140' title='bbox 149 1454 346 1506; x_wconf 83' lang='lat' dir='ltr'>equinum</span> <span class='ocrx_word' id='word_1_141' title='bbox 417 1450 540 1504; x_wconf 84' lang='lat' dir='ltr'>l·1pidi</span> <span class='ocrx_word' id='word_1_142' title='bbox 606 1449 806 1491; x_wconf 80' lang='lat' dir='ltr'>incluluin</span> <span class='ocrx_word' id='word_1_143' title='bbox 862 1461 1071 1504; x_wconf 78' lang='lat' dir='ltr'>repeltum</span> <span class='ocrx_word' id='word_1_144' title='bbox 1124 1452 1214 1493; x_wconf 89' lang='lat' dir='ltr'>fuit.</span> <span class='ocrx_word' id='word_1_145' title='bbox 1317 1451 1426 1493; x_wconf 79' lang='lat' dir='ltr'>Htec</span> 
     </span>
     <span class='ocr_line' id='line_1_21' title="bbox 149 1515 1425 1567; baseline 0.001 -11"><span class='ocrx_word' id='word_1_146' title='bbox 149 1517 289 1556; x_wconf 79' lang='lat' dir='ltr'>omnia</span> <span class='ocrx_word' id='word_1_147' title='bbox 323 1515 525 1556; x_wconf 61' lang='lat' dir='ltr'>vberrinie</span> <span class='ocrx_word' id='word_1_148' title='bbox 562 1516 777 1565; x_wconf 70' lang='lat' dir='ltr'>testantur,</span> <span class='ocrx_word' id='word_1_149' title='bbox 811 1515 961 1567; x_wconf 65' lang='lat' dir='ltr'>lapides</span> <span class='ocrx_word' id='word_1_150' title='bbox 998 1516 1116 1556; x_wconf 86' lang='lat' dir='ltr'>initio</span> <span class='ocrx_word' id='word_1_151' title='bbox 1151 1515 1296 1557; x_wconf 82' lang='lat' dir='ltr'>molles</span> <span class='ocrx_word' id='word_1_152' title='bbox 1327 1516 1425 1557; x_wconf 85' lang='lat' dir='ltr'>fuis-</span> 
     </span>
     <span class='ocr_line' id='line_1_22' title="bbox 149 1578 1425 1634; baseline 0.001 -13"><span class='ocrx_word' id='word_1_153' title='bbox 149 1583 184 1622; x_wconf 86' lang='lat' dir='ltr'>se</span> <span class='ocrx_word' id='word_1_154' title='bbox 219 1591 259 1622; x_wconf 83' lang='lat' dir='ltr'>et</span> <span class='ocrx_word' id='word_1_155' title='bbox 293 1579 520 1631; x_wconf 71' lang='lat' dir='ltr'>Conchylia</span> <span class='ocrx_word' id='word_1_156' title='bbox 557 1580 622 1619; x_wconf 75' lang='lat' dir='ltr'>ista</span> <span class='ocrx_word' id='word_1_157' title='bbox 660 1581 760 1620; x_wconf 78' lang='lat' dir='ltr'>mari</span> <span class='ocrx_word' id='word_1_158' title='bbox 798 1578 894 1620; x_wconf 76' lang='lat' dir='ltr'>alias</span> <span class='ocrx_word' id='word_1_159' title='bbox 929 1579 1141 1620; x_wconf 73' lang='lat' dir='ltr'>finniliaria</span> <span class='ocrx_word' id='word_1_160' title='bbox 1176 1581 1262 1621; x_wconf 81' lang='lat' dir='ltr'>casu</span> <span class='ocrx_word' id='word_1_161' title='bbox 1319 1592 1425 1634; x_wconf 91' lang='lat' dir='ltr'>quo-</span> 
     </span>
     <span class='ocr_line' id='line_1_23' title="bbox 150 1643 1424 1700; baseline 0 -14"><span class='ocrx_word' id='word_1_162' title='bbox 150 1646 241 1686; x_wconf 76' lang='lat' dir='ltr'>dam</span> <span class='ocrx_word' id='word_1_163' title='bbox 278 1658 326 1686; x_wconf 89' lang='lat' dir='ltr'>co</span> <span class='ocrx_word' id='word_1_164' title='bbox 358 1646 484 1687; x_wconf 62' lang='lat' dir='ltr'>delata</span> <span class='ocrx_word' id='word_1_165' title='bbox 519 1644 603 1686; x_wconf 79' lang='lat' dir='ltr'>effe.</span> <span class='ocrx_word' id='word_1_166' title='bbox 674 1645 997 1698; x_wconf 77' lang='lat' dir='ltr'>Progrediuntur</span> <span class='ocrx_word' id='word_1_167' title='bbox 1032 1645 1125 1686; x_wconf 79' lang='lat' dir='ltr'>haec</span> <span class='ocrx_word' id='word_1_168' title='bbox 1161 1644 1306 1700; x_wconf 81' lang='lat' dir='ltr'>lapidis</span> <span class='ocrx_word' id='word_1_169' title='bbox 1340 1643 1424 1686; x_wconf 84' lang='lat' dir='ltr'>cal-</span> 
     </span>
     <span class='ocr_line' id='line_1_24' title="bbox 150 1709 1477 1764; baseline 0 -14"><span class='ocrx_word' id='word_1_170' title='bbox 150 1711 251 1750; x_wconf 77' lang='lat' dir='ltr'>carci</span> <span class='ocrx_word' id='word_1_171' title='bbox 289 1711 401 1752; x_wconf 80' lang='lat' dir='ltr'>strata</span> <span class='ocrx_word' id='word_1_172' title='bbox 425 1742 436 1762; x_wconf 87' lang='lat'>‚</span> <span class='ocrx_word' id='word_1_173' title='bbox 489 1724 565 1750; x_wconf 76' lang='lat' dir='ltr'>vna</span> <span class='ocrx_word' id='word_1_174' title='bbox 602 1722 690 1750; x_wconf 90' lang='lat' dir='ltr'>cum</span> <span class='ocrx_word' id='word_1_175' title='bbox 731 1709 952 1764; x_wconf 68' lang='lat' dir='ltr'>pctrcfaetis</span> <span class='ocrx_word' id='word_1_176' title='bbox 975 1741 985 1761; x_wconf 93' lang='lat'><strong>‚</strong></span> <span class='ocrx_word' id='word_1_177' title='bbox 1037 1711 1098 1751; x_wconf 83' lang='lat' dir='ltr'>vti</span> <span class='ocrx_word' id='word_1_178' title='bbox 1132 1711 1172 1750; x_wconf 89' lang='lat' dir='ltr'>in</span> <span class='ocrx_word' id='word_1_179' title='bbox 1225 1711 1425 1764; x_wconf 81' lang='lat' dir='ltr'>praesente</span> <span class='ocrx_word' id='word_1_180' title='bbox 1470 1737 1477 1740; x_wconf 57' lang='lat'><strong>&lt;</strong></span> 
     </span>
     <span class='ocr_line' id='line_1_25' title="bbox 153 1773 1426 1828; baseline 0.001 -16"><span class='ocrx_word' id='word_1_181' title='bbox 153 1773 436 1816; x_wconf 70' lang='lat' dir='ltr'>Differ-tatione</span> <span class='ocrx_word' id='word_1_182' title='bbox 469 1776 666 1828; x_wconf 74' lang='lat' dir='ltr'>exposui,</span> <span class='ocrx_word' id='word_1_183' title='bbox 712 1776 750 1815; x_wconf 89' lang='lat' dir='ltr'>in</span> <span class='ocrx_word' id='word_1_184' title='bbox 788 1775 1069 1828; x_wconf 75' lang='lat' dir='ltr'>principatum</span> <span class='ocrx_word' id='word_1_185' title='bbox 1109 1773 1426 1825; x_wconf 75' lang='lat' dir='ltr'>Nowgoroden·</span> 
     </span>
     <span class='ocr_line' id='line_1_26' title="bbox 154 1836 1426 1886; baseline 0 -8"><span class='ocrx_word' id='word_1_186' title='bbox 154 1839 232 1878; x_wconf 77' lang='lat' dir='ltr'>sem</span> <span class='ocrx_word' id='word_1_187' title='bbox 260 1870 269 1886; x_wconf 76' lang='grc'>,</span> <span class='ocrx_word' id='word_1_188' title='bbox 304 1850 342 1878; x_wconf 85' lang='lat' dir='ltr'>ct</span> <span class='ocrx_word' id='word_1_189' title='bbox 379 1851 494 1880; x_wconf 77' lang='lat' dir='ltr'>mont</span> <span class='ocrx_word' id='word_1_190' title='bbox 520 1853 536 1879; x_wconf 89' lang='lat' dir='ltr'>s</span> <span class='ocrx_word' id='word_1_191' title='bbox 572 1839 807 1880; x_wconf 57' lang='lat' dir='ltr'>Vandaffim</span> <span class='ocrx_word' id='word_1_192' title='bbox 843 1840 948 1878; x_wconf 87' lang='lat' dir='ltr'>inter</span> <span class='ocrx_word' id='word_1_193' title='bbox 983 1848 1022 1876; x_wconf 87' lang='lat' dir='ltr'>ct</span> <span class='ocrx_word' id='word_1_194' title='bbox 1057 1836 1426 1878; x_wconf 73' lang='lat' dir='ltr'>VVii&#39;chnei-Wo-</span> 
     </span>
     <span class='ocr_line' id='line_1_27' title="bbox 154 1902 1427 1957; baseline 0.001 -15"><span class='ocrx_word' id='word_1_195' title='bbox 154 1902 320 1942; x_wconf 79' lang='lat' dir='ltr'>loczock</span> <span class='ocrx_word' id='word_1_196' title='bbox 364 1916 484 1957; x_wconf 67' lang='lat' dir='ltr'>xsque</span> <span class='ocrx_word' id='word_1_197' title='bbox 518 1905 708 1946; x_wconf 73' lang='lat' dir='ltr'>Torzock</span> <span class='ocrx_word' id='word_1_198' title='bbox 731 1937 742 1956; x_wconf 81' lang='lat'><em>‚</em></span> <span class='ocrx_word' id='word_1_199' title='bbox 796 1902 976 1944; x_wconf 65' lang='lat' dir='ltr'>Cor-Allia</span> <span class='ocrx_word' id='word_1_200' title='bbox 1012 1902 1223 1957; x_wconf 68' lang='lat' dir='ltr'>petrcfnc&#39;ta</span> <span class='ocrx_word' id='word_1_201' title='bbox 1254 1904 1427 1954; x_wconf 84' lang='lat' dir='ltr'>ingentis</span> 
     </span>
     <span class='ocr_line' id='line_1_28' title="bbox 155 1966 1427 2021; baseline 0 -14"><span class='ocrx_word' id='word_1_202' title='bbox 155 1968 447 2018; x_wconf 71' lang='lat' dir='ltr'>magnitudinis</span> <span class='ocrx_word' id='word_1_203' title='bbox 483 1970 714 2020; x_wconf 70' lang='lat' dir='ltr'>largiuntur</span> <span class='ocrx_word' id='word_1_204' title='bbox 737 2001 748 2018; x_wconf 82' lang='lat'>‚</span> <span class='ocrx_word' id='word_1_205' title='bbox 794 1969 899 2009; x_wconf 88' lang='lat' dir='ltr'>inter</span> <span class='ocrx_word' id='word_1_206' title='bbox 934 1981 1031 2021; x_wconf 76' lang='lat' dir='ltr'>quae</span> <span class='ocrx_word' id='word_1_207' title='bbox 1069 1966 1260 2020; x_wconf 84' lang='lat' dir='ltr'>inprimis</span> <span class='ocrx_word' id='word_1_208' title='bbox 1295 1967 1427 2007; x_wconf 86' lang='lat' dir='ltr'>Tubi-</span> 
     </span>
     <span class='ocr_line' id='line_1_29' title="bbox 154 2032 1427 2086; baseline 0.002 -15"><span class='ocrx_word' id='word_1_209' title='bbox 154 2046 272 2085; x_wconf 65' lang='lat' dir='ltr'>porne</span> <span class='ocrx_word' id='word_1_210' title='bbox 297 2063 306 2080; x_wconf 85' lang='lat'>‚</span> <span class='ocrx_word' id='word_1_211' title='bbox 346 2032 582 2086; x_wconf 65' lang='lat' dir='ltr'>milleporac</span> <span class='ocrx_word' id='word_1_212' title='bbox 600 2045 639 2074; x_wconf 80' lang='lat' dir='ltr'>ct</span> <span class='ocrx_word' id='word_1_213' title='bbox 662 2032 920 2075; x_wconf 75' lang='lat' dir='ltr'>Lithossrotia</span> <span class='ocrx_word' id='word_1_214' title='bbox 943 2033 1080 2073; x_wconf 85' lang='lat' dir='ltr'>Lnidii</span> <span class='ocrx_word' id='word_1_215' title='bbox 1109 2033 1259 2084; x_wconf 83' lang='lat' dir='ltr'>primas</span> <span class='ocrx_word' id='word_1_216' title='bbox 1279 2042 1427 2074; x_wconf 82' lang='lat' dir='ltr'>tenent.</span> 
     </span>
     <span class='ocr_line' id='line_1_30' title="bbox 152 2096 1426 2152; baseline 0 -17"><span class='ocrx_word' id='word_1_217' title='bbox 152 2098 261 2152; x_wconf 77' lang='lat' dir='ltr'>Quin</span> <span class='ocrx_word' id='word_1_218' title='bbox 334 2098 467 2135; x_wconf 79' lang='lat' dir='ltr'>inimo</span> <span class='ocrx_word' id='word_1_219' title='bbox 534 2096 752 2138; x_wconf 78' lang='lat' dir='ltr'>Gmclinus</span> <span class='ocrx_word' id='word_1_220' title='bbox 805 2097 883 2136; x_wconf 78' lang='lat' dir='ltr'>iter</span> <span class='ocrx_word' id='word_1_221' title='bbox 937 2098 976 2136; x_wconf 91' lang='lat' dir='ltr'>in</span> <span class='ocrx_word' id='word_1_222' title='bbox 1028 2096 1233 2148; x_wconf 82' lang='lat' dir='ltr'>Sybiriam</span> <span class='ocrx_word' id='word_1_223' title='bbox 1283 2097 1426 2137; x_wconf 78' lang='lat' dir='ltr'>faciens</span> 
     </span>
    </p>

    <p class='ocr_par' dir='ltr' id='par_1_3' title="bbox 214 2159 1426 2216">
     <span class='ocr_line' id='line_1_31' title="bbox 214 2159 1426 2216; baseline 0 -15"><span class='ocrx_word' id='word_1_224' title='bbox 214 2159 750 2203; x_wconf 76' lang='lat' dir='ltr'>Tom.Xll.Nou.Comm.</span> <span class='ocrx_word' id='word_1_225' title='bbox 946 2161 983 2203; x_wconf 81' lang='lat' dir='ltr'>E</span> <span class='ocrx_word' id='word_1_226' title='bbox 1003 2173 1023 2201; x_wconf 88' lang='lat' dir='ltr'>e</span> <span class='ocrx_word' id='word_1_227' title='bbox 1041 2174 1063 2201; x_wconf 84' lang='lat' dir='ltr'>c</span> <span class='ocrx_word' id='word_1_228' title='bbox 1298 2173 1426 2216; x_wconf 84' lang='lat' dir='ltr'>prope</span> 
     </span>
    </p>
   </div>
  </div>
 </body>
</html>
