<?xml version="1.0" encoding="UTF-8"?>
<!DOCTYPE html PUBLIC "-//W3C//DTD XHTML 1.0 Transitional//EN"
    "http://www.w3.org/TR/xhtml1/DTD/xhtml1-transitional.dtd">
<html xmlns="http://www.w3.org/1999/xhtml" xml:lang="en" lang="en">
 <head>
  <title>
</title>
<meta http-equiv="Content-Type" content="text/html;charset=utf-8" />
  <meta name='ocr-system' content='tesseract 3.04.00' />
  <meta name='ocr-capabilities' content='ocr_page ocr_carea ocr_par ocr_line ocrx_word'/>
</head>
<body>
  <div class='ocr_page' id='page_1' title='image "./novicommentariac12impe_0600.png"; bbox 0 0 2008 2735; ppageno 0'>
   <div class='ocr_carea' id='block_1_1' title="bbox 587 200 1654 262">
    <p class='ocr_par' dir='ltr' id='par_1_1' title="bbox 587 200 1654 262">
     <span class='ocr_line' id='line_1_1' title="bbox 587 200 1654 262; baseline -0.008 -8"><span class='ocrx_word' id='word_1_1' title='bbox 587 216 675 262; x_wconf 81' lang='lat'>538</span> <span class='ocrx_word' id='word_1_2' title='bbox 777 205 860 249; x_wconf 88' lang='lat' dir='ltr'>DE</span> <span class='ocrx_word' id='word_1_3' title='bbox 894 201 1333 248; x_wconf 81' lang='lat' dir='ltr'>PROPRIETATIB.</span> <span class='ocrx_word' id='word_1_4' title='bbox 1367 200 1654 248; x_wconf 84' lang='lat' dir='ltr'><strong>PLANTAR.</strong></span> 
     </span>
    </p>
   </div>
   <div class='ocr_carea' id='block_1_2' title="bbox 583 318 1895 2223">
    <p class='ocr_par' dir='ltr' id='par_1_2' title="bbox 583 318 1869 1195">
     <span class='ocr_line' id='line_1_2' title="bbox 588 318 1855 374; baseline -0.005 -9"><span class='ocrx_word' id='word_1_5' title='bbox 588 325 688 366; x_wconf 76' lang='lat' dir='ltr'>vsus,</span> <span class='ocrx_word' id='word_1_6' title='bbox 788 321 846 363; x_wconf 85' lang='lat' dir='ltr'>At</span> <span class='ocrx_word' id='word_1_7' title='bbox 879 319 1226 374; x_wconf 85' lang='lat' dir='ltr'>quemadmodum</span> <span class='ocrx_word' id='word_1_8' title='bbox 1263 318 1444 359; x_wconf 77' lang='lat' dir='ltr'>ninium</span> <span class='ocrx_word' id='word_1_9' title='bbox 1482 319 1749 370; x_wconf 76' lang='lat' dir='ltr'>ingurgitatae</span> <span class='ocrx_word' id='word_1_10' title='bbox 1783 320 1855 360; x_wconf 77' lang='lat' dir='ltr'>de·</span> 
     </span>
     <span class='ocr_line' id='line_1_3' title="bbox 583 382 1854 438; baseline -0.005 -8"><span class='ocrx_word' id='word_1_11' title='bbox 583 389 776 438; x_wconf 87' lang='lat' dir='ltr'>bilitant‚</span> <span class='ocrx_word' id='word_1_12' title='bbox 831 385 1008 425; x_wconf 85' lang='lat' dir='ltr'>tormina</span> <span class='ocrx_word' id='word_1_13' title='bbox 1040 393 1080 425; x_wconf 90' lang='lat' dir='ltr'>et</span> <span class='ocrx_word' id='word_1_14' title='bbox 1112 382 1340 425; x_wconf 78' lang='lat' dir='ltr'>diarrhoeas</span> <span class='ocrx_word' id='word_1_15' title='bbox 1395 383 1653 436; x_wconf 89' lang='lat' dir='ltr'>producunt,</span> <span class='ocrx_word' id='word_1_16' title='bbox 1705 384 1757 424; x_wconf 85' lang='lat' dir='ltr'>ita</span> <span class='ocrx_word' id='word_1_17' title='bbox 1813 385 1854 424; x_wconf 85' lang='lat' dir='ltr'>in</span> 
     </span>
     <span class='ocr_line' id='line_1_4' title="bbox 588 446 1863 502; baseline -0.004 -9"><span class='ocrx_word' id='word_1_18' title='bbox 588 452 722 494; x_wconf 89' lang='lat' dir='ltr'>medio</span> <span class='ocrx_word' id='word_1_19' title='bbox 778 449 961 502; x_wconf 89' lang='lat' dir='ltr'>ipsorum</span> <span class='ocrx_word' id='word_1_20' title='bbox 1013 446 1174 499; x_wconf 81' lang='lat' dir='ltr'>Bryom&#39;a</span> <span class='ocrx_word' id='word_1_21' title='bbox 1226 458 1266 488; x_wconf 89' lang='lat' dir='ltr'>et</span> <span class='ocrx_word' id='word_1_22' title='bbox 1304 447 1539 488; x_wconf 60' lang='grc' dir='ltr'>Μοηιονιήιη</span> <span class='ocrx_word' id='word_1_23' title='bbox 1573 448 1821 488; x_wconf 77' lang='lat' dir='ltr'>collocantur</span> <span class='ocrx_word' id='word_1_24' title='bbox 1851 479 1863 500; x_wconf 87' lang='lat'>‚</span> 
     </span>
     <span class='ocr_line' id='line_1_5' title="bbox 588 510 1856 568; baseline -0.003 -12"><span class='ocrx_word' id='word_1_25' title='bbox 588 518 630 558; x_wconf 89' lang='lat' dir='ltr'>in</span> <span class='ocrx_word' id='word_1_26' title='bbox 680 513 822 568; x_wconf 87' lang='lat' dir='ltr'>quibus</span> <span class='ocrx_word' id='word_1_27' title='bbox 875 511 1041 552; x_wconf 79' lang='lat' dir='ltr'>cauffam</span> <span class='ocrx_word' id='word_1_28' title='bbox 1102 510 1252 552; x_wconf 87' lang='lat' dir='ltr'>horum</span> <span class='ocrx_word' id='word_1_29' title='bbox 1313 512 1552 552; x_wconf 84' lang='lat' dir='ltr'>morborum</span> <span class='ocrx_word' id='word_1_30' title='bbox 1619 511 1856 564; x_wconf 76' lang='lat' dir='ltr'>explzcitam</span> 
     </span>
     <span class='ocr_line' id='line_1_6' title="bbox 591 574 1858 633; baseline -0.002 -14"><span class='ocrx_word' id='word_1_31' title='bbox 591 580 796 633; x_wconf 84' lang='lat' dir='ltr'>graduque</span> <span class='ocrx_word' id='word_1_32' title='bbox 833 577 1138 617; x_wconf 83' lang='lat' dir='ltr'>vehementiore</span> <span class='ocrx_word' id='word_1_33' title='bbox 1172 577 1360 616; x_wconf 79' lang='lat' dir='ltr'>donatam</span> <span class='ocrx_word' id='word_1_34' title='bbox 1395 574 1509 627; x_wconf 74' lang='lat' dir='ltr'>sistit,</span> <span class='ocrx_word' id='word_1_35' title='bbox 1544 579 1650 629; x_wconf 90' lang='lat' dir='ltr'>quod</span> <span class='ocrx_word' id='word_1_36' title='bbox 1689 577 1795 617; x_wconf 87' lang='lat' dir='ltr'>idem</span> <span class='ocrx_word' id='word_1_37' title='bbox 1819 578 1858 616; x_wconf 86' lang='lat' dir='ltr'>in</span> 
     </span>
     <span class='ocr_line' id='line_1_7' title="bbox 590 639 1860 693; baseline -0.006 -7"><span class='ocrx_word' id='word_1_38' title='bbox 590 642 758 686; x_wconf 78' lang='lat' dir='ltr'>Feuillea</span> <span class='ocrx_word' id='word_1_39' title='bbox 808 639 1017 682; x_wconf 84' lang='lat' dir='ltr'>cordifolia</span> <span class='ocrx_word' id='word_1_40' title='bbox 1041 671 1052 690; x_wconf 93' lang='lat'>,</span> <span class='ocrx_word' id='word_1_41' title='bbox 1099 649 1220 693; x_wconf 85' lang='lat' dir='ltr'>atque</span> <span class='ocrx_word' id='word_1_42' title='bbox 1271 639 1312 680; x_wconf 90' lang='lat' dir='ltr'>in</span> <span class='ocrx_word' id='word_1_43' title='bbox 1362 652 1578 683; x_wconf 87' lang='lat' dir='ltr'>cucumere</span> <span class='ocrx_word' id='word_1_44' title='bbox 1629 639 1860 687; x_wconf 48' lang='lat' dir='ltr'>Color-inridit</span> 
     </span>
     <span class='ocr_line' id='line_1_8' title="bbox 594 704 1860 758; baseline -0.004 -10"><span class='ocrx_word' id='word_1_45' title='bbox 594 708 798 749; x_wconf 84' lang='lat' dir='ltr'>obseruare</span> <span class='ocrx_word' id='word_1_46' title='bbox 851 707 938 756; x_wconf 88' lang='lat' dir='ltr'>est,</span> <span class='ocrx_word' id='word_1_47' title='bbox 988 716 1089 758; x_wconf 90' lang='lat' dir='ltr'>quae</span> <span class='ocrx_word' id='word_1_48' title='bbox 1136 704 1283 745; x_wconf 87' lang='lat' dir='ltr'>scilicet</span> <span class='ocrx_word' id='word_1_49' title='bbox 1315 705 1454 744; x_wconf 89' lang='lat' dir='ltr'>omnia</span> <span class='ocrx_word' id='word_1_50' title='bbox 1489 705 1724 745; x_wconf 80' lang='lat' dir='ltr'>validissime</span> <span class='ocrx_word' id='word_1_51' title='bbox 1761 717 1860 758; x_wconf 78' lang='lat' dir='ltr'>pur-</span> 
     </span>
     <span class='ocr_line' id='line_1_9' title="bbox 595 767 1863 824; baseline -0.002 -12"><span class='ocrx_word' id='word_1_52' title='bbox 595 782 691 824; x_wconf 77' lang='lat' dir='ltr'>gant</span> <span class='ocrx_word' id='word_1_53' title='bbox 714 803 726 822; x_wconf 89' lang='lat'>,</span> <span class='ocrx_word' id='word_1_54' title='bbox 767 768 1049 811; x_wconf 81' lang='lat' dir='ltr'>ventriculum</span> <span class='ocrx_word' id='word_1_55' title='bbox 1081 777 1122 808; x_wconf 88' lang='lat' dir='ltr'>et</span> <span class='ocrx_word' id='word_1_56' title='bbox 1158 767 1337 808; x_wconf 81' lang='lat' dir='ltr'>intestina</span> <span class='ocrx_word' id='word_1_57' title='bbox 1370 768 1531 810; x_wconf 87' lang='lat' dir='ltr'>fortiter</span> <span class='ocrx_word' id='word_1_58' title='bbox 1560 771 1863 809; x_wconf 82' lang='lat' dir='ltr'>commouenti-</span> 
     </span>
     <span class='ocr_line' id='line_1_10' title="bbox 596 832 1866 886; baseline -0.006 -10"><span class='ocrx_word' id='word_1_59' title='bbox 596 838 666 877; x_wconf 85' lang='lat' dir='ltr'>bus</span> <span class='ocrx_word' id='word_1_60' title='bbox 693 866 705 886; x_wconf 91' lang='lat'>,</span> <span class='ocrx_word' id='word_1_61' title='bbox 755 834 926 876; x_wconf 77' lang='lat' dir='ltr'>Elaterio</span> <span class='ocrx_word' id='word_1_62' title='bbox 960 835 1091 882; x_wconf 86' lang='lat' dir='ltr'>adeo,</span> <span class='ocrx_word' id='word_1_63' title='bbox 1141 841 1225 872; x_wconf 85' lang='lat' dir='ltr'>tam</span> <span class='ocrx_word' id='word_1_64' title='bbox 1276 832 1443 873; x_wconf 85' lang='lat' dir='ltr'>drastico</span> <span class='ocrx_word' id='word_1_65' title='bbox 1467 863 1478 883; x_wconf 93' lang='lat'>,</span> <span class='ocrx_word' id='word_1_66' title='bbox 1528 843 1574 873; x_wconf 76' lang='lat' dir='ltr'>vt</span> <span class='ocrx_word' id='word_1_67' title='bbox 1624 832 1866 885; x_wconf 83' lang='lat' dir='ltr'>hydropicas</span> 
     </span>
     <span class='ocr_line' id='line_1_11' title="bbox 598 894 1865 955; baseline -0.005 -13"><span class='ocrx_word' id='word_1_68' title='bbox 598 911 717 955; x_wconf 84' lang='lat' dir='ltr'>aquas</span> <span class='ocrx_word' id='word_1_69' title='bbox 753 897 886 952; x_wconf 74' lang='lat' dir='ltr'>pellat.</span> <span class='ocrx_word' id='word_1_70' title='bbox 991 897 1164 939; x_wconf 66' lang='lat' dir='ltr'>Factum</span> <span class='ocrx_word' id='word_1_71' title='bbox 1199 894 1274 935; x_wconf 89' lang='lat' dir='ltr'>hoc</span> <span class='ocrx_word' id='word_1_72' title='bbox 1311 897 1472 938; x_wconf 86' lang='lat' dir='ltr'>videtur</span> <span class='ocrx_word' id='word_1_73' title='bbox 1520 896 1593 936; x_wconf 82' lang='lat' dir='ltr'>effe</span> <span class='ocrx_word' id='word_1_74' title='bbox 1621 927 1632 947; x_wconf 90' lang='lat'>,</span> <span class='ocrx_word' id='word_1_75' title='bbox 1681 897 1828 950; x_wconf 76' lang='lat' dir='ltr'>partim</span> <span class='ocrx_word' id='word_1_76' title='bbox 1853 925 1865 945; x_wconf 85' lang='lat'>,</span> 
     </span>
     <span class='ocr_line' id='line_1_12' title="bbox 598 959 1869 1015; baseline -0.004 -10"><span class='ocrx_word' id='word_1_77' title='bbox 598 974 646 1005; x_wconf 75' lang='lat' dir='ltr'>vt</span> <span class='ocrx_word' id='word_1_78' title='bbox 681 962 848 1004; x_wconf 88' lang='lat' dir='ltr'>sciamus</span> <span class='ocrx_word' id='word_1_79' title='bbox 870 993 880 1012; x_wconf 93' lang='lat'>,</span> <span class='ocrx_word' id='word_1_80' title='bbox 931 973 1129 1015; x_wconf 79' lang='lat' dir='ltr'>quaenam</span> <span class='ocrx_word' id='word_1_81' title='bbox 1166 959 1321 1013; x_wconf 80' lang='lat' dir='ltr'>plantae</span> <span class='ocrx_word' id='word_1_82' title='bbox 1356 960 1434 1001; x_wconf 88' lang='lat' dir='ltr'>fint</span> <span class='ocrx_word' id='word_1_83' title='bbox 1455 992 1467 1012; x_wconf 93' lang='lat'>,</span> <span class='ocrx_word' id='word_1_84' title='bbox 1521 971 1727 1013; x_wconf 83' lang='lat' dir='ltr'>tantopere</span> <span class='ocrx_word' id='word_1_85' title='bbox 1760 959 1869 1012; x_wconf 81' lang='lat' dir='ltr'>saepe</span> 
     </span>
     <span class='ocr_line' id='line_1_13' title="bbox 601 1022 1868 1072; baseline -0.005 -4"><span class='ocrx_word' id='word_1_86' title='bbox 601 1040 623 1068; x_wconf 87' lang='lat' dir='ltr'>a</span> <span class='ocrx_word' id='word_1_87' title='bbox 659 1026 767 1067; x_wconf 86' lang='lat' dir='ltr'>nobis</span> <span class='ocrx_word' id='word_1_88' title='bbox 797 1027 837 1065; x_wconf 88' lang='lat' dir='ltr'>in</span> <span class='ocrx_word' id='word_1_89' title='bbox 871 1024 1024 1065; x_wconf 87' lang='lat' dir='ltr'>deliciis</span> <span class='ocrx_word' id='word_1_90' title='bbox 1057 1022 1207 1063; x_wconf 79' lang='lat' dir='ltr'>habitae</span> <span class='ocrx_word' id='word_1_91' title='bbox 1231 1053 1241 1072; x_wconf 93' lang='lat'><strong>,</strong></span> <span class='ocrx_word' id='word_1_92' title='bbox 1278 1037 1326 1065; x_wconf 90' lang='lat' dir='ltr'>ne</span> <span class='ocrx_word' id='word_1_93' title='bbox 1363 1025 1445 1064; x_wconf 86' lang='lat' dir='ltr'>illis</span> <span class='ocrx_word' id='word_1_94' title='bbox 1482 1026 1614 1065; x_wconf 91' lang='lat' dir='ltr'>nimio</span> <span class='ocrx_word' id='word_1_95' title='bbox 1648 1026 1717 1064; x_wconf 71' lang='lat' dir='ltr'>vsu</span> <span class='ocrx_word' id='word_1_96' title='bbox 1756 1023 1868 1064; x_wconf 76' lang='lat' dir='ltr'>talla-</span> 
     </span>
     <span class='ocr_line' id='line_1_14' title="bbox 604 1085 1867 1143; baseline -0.003 -13"><span class='ocrx_word' id='word_1_97' title='bbox 604 1102 737 1140; x_wconf 87' lang='lat' dir='ltr'>mur,</span> <span class='ocrx_word' id='word_1_98' title='bbox 787 1088 939 1143; x_wconf 85' lang='lat' dir='ltr'>partim</span> <span class='ocrx_word' id='word_1_99' title='bbox 987 1096 1034 1127; x_wconf 74' lang='lat' dir='ltr'>vt</span> <span class='ocrx_word' id='word_1_100' title='bbox 1084 1096 1190 1126; x_wconf 88' lang='lat' dir='ltr'>noua</span> <span class='ocrx_word' id='word_1_101' title='bbox 1237 1087 1294 1124; x_wconf 89' lang='lat' dir='ltr'>sui</span> <span class='ocrx_word' id='word_1_102' title='bbox 1348 1089 1504 1137; x_wconf 84' lang='lat' dir='ltr'>generis</span> <span class='ocrx_word' id='word_1_103' title='bbox 1551 1087 1764 1140; x_wconf 77' lang='lat' dir='ltr'>purgantia</span> <span class='ocrx_word' id='word_1_104' title='bbox 1795 1085 1867 1126; x_wconf 82' lang='lat' dir='ltr'>ha-</span> 
     </span>
     <span class='ocr_line' id='line_1_15' title="bbox 603 1154 778 1195; baseline -0.011 0"><span class='ocrx_word' id='word_1_105' title='bbox 603 1154 778 1195; x_wconf 84' lang='lat' dir='ltr'>beantur.</span> 
     </span>
    </p>

    <p class='ocr_par' dir='ltr' id='par_1_3' title="bbox 604 1208 1895 2169">
     <span class='ocr_line' id='line_1_16' title="bbox 759 1208 1870 1264; baseline 0 -10"><span class='ocrx_word' id='word_1_106' title='bbox 759 1214 1023 1255; x_wconf 85' lang='lat' dir='ltr'>Duodecimo</span> <span class='ocrx_word' id='word_1_107' title='bbox 1055 1208 1246 1250; x_wconf 78' lang='lat' dir='ltr'>Orchides</span> <span class='ocrx_word' id='word_1_108' title='bbox 1279 1223 1462 1264; x_wconf 89' lang='lat' dir='ltr'>propono</span> <span class='ocrx_word' id='word_1_109' title='bbox 1484 1240 1494 1260; x_wconf 92' lang='lat'>‚</span> <span class='ocrx_word' id='word_1_110' title='bbox 1541 1223 1641 1263; x_wconf 81' lang='lat' dir='ltr'>quae</span> <span class='ocrx_word' id='word_1_111' title='bbox 1676 1212 1836 1254; x_wconf 86' lang='lat' dir='ltr'>hircino</span> <span class='ocrx_word' id='word_1_112' title='bbox 1859 1244 1870 1264; x_wconf 84' lang='lat'>,</span> 
     </span>
     <span class='ocr_line' id='line_1_17' title="bbox 604 1269 1873 1333; baseline -0.002 -14"><span class='ocrx_word' id='word_1_113' title='bbox 604 1290 726 1333; x_wconf 90' lang='lat' dir='ltr'>quem</span> <span class='ocrx_word' id='word_1_114' title='bbox 763 1278 954 1332; x_wconf 81' lang='lat' dir='ltr'>spargunt</span> <span class='ocrx_word' id='word_1_115' title='bbox 981 1305 993 1325; x_wconf 93' lang='lat'>‚</span> <span class='ocrx_word' id='word_1_116' title='bbox 1025 1273 1147 1315; x_wconf 87' lang='lat' dir='ltr'>odore</span> <span class='ocrx_word' id='word_1_117' title='bbox 1178 1274 1277 1326; x_wconf 90' lang='lat' dir='ltr'>quid</span> <span class='ocrx_word' id='word_1_118' title='bbox 1313 1274 1381 1315; x_wconf 85' lang='lat' dir='ltr'>fibi</span> <span class='ocrx_word' id='word_1_119' title='bbox 1417 1273 1546 1315; x_wconf 79' lang='lat' dir='ltr'>velint</span> <span class='ocrx_word' id='word_1_120' title='bbox 1568 1305 1579 1325; x_wconf 91' lang='lat'>,</span> <span class='ocrx_word' id='word_1_121' title='bbox 1613 1269 1694 1315; x_wconf 77' lang='lat' dir='ltr'>iam</span> <span class='ocrx_word' id='word_1_122' title='bbox 1729 1286 1749 1314; x_wconf 90' lang='lat' dir='ltr'>e</span> <span class='ocrx_word' id='word_1_123' title='bbox 1781 1276 1873 1317; x_wconf 90' lang='lat' dir='ltr'>lon-</span> 
     </span>
     <span class='ocr_line' id='line_1_18' title="bbox 607 1335 1875 1397; baseline -0.002 -14"><span class='ocrx_word' id='word_1_124' title='bbox 607 1339 763 1397; x_wconf 86' lang='lat' dir='ltr'>ginquo</span> <span class='ocrx_word' id='word_1_125' title='bbox 812 1340 1033 1382; x_wconf 88' lang='lat' dir='ltr'>ostendunt.</span> <span class='ocrx_word' id='word_1_126' title='bbox 1115 1335 1264 1379; x_wconf 91' lang='lat' dir='ltr'>Nutrit</span> <span class='ocrx_word' id='word_1_127' title='bbox 1316 1337 1521 1391; x_wconf 72' lang='lat' dir='ltr'>mucilago</span> <span class='ocrx_word' id='word_1_128' title='bbox 1562 1338 1604 1378; x_wconf 90' lang='lat' dir='ltr'>in</span> <span class='ocrx_word' id='word_1_129' title='bbox 1639 1338 1875 1381; x_wconf 70' lang='lat' dir='ltr'>succulentis</span> 
     </span>
     <span class='ocr_line' id='line_1_19' title="bbox 607 1401 1874 1456; baseline -0.003 -7"><span class='ocrx_word' id='word_1_130' title='bbox 607 1407 796 1449; x_wconf 90' lang='lat' dir='ltr'>omnibus</span> <span class='ocrx_word' id='word_1_131' title='bbox 845 1416 992 1447; x_wconf 89' lang='lat' dir='ltr'>eorum</span> <span class='ocrx_word' id='word_1_132' title='bbox 1045 1401 1241 1443; x_wconf 83' lang='lat' dir='ltr'>radicibus</span> <span class='ocrx_word' id='word_1_133' title='bbox 1289 1413 1506 1454; x_wconf 77' lang='lat' dir='ltr'>contenta,</span> <span class='ocrx_word' id='word_1_134' title='bbox 1563 1412 1691 1456; x_wconf 81' lang='lat' dir='ltr'>partes</span> <span class='ocrx_word' id='word_1_135' title='bbox 1723 1403 1874 1445; x_wconf 86' lang='lat' dir='ltr'>oleosae</span> 
     </span>
     <span class='ocr_line' id='line_1_20' title="bbox 609 1466 1875 1524; baseline -0.004 -11"><span class='ocrx_word' id='word_1_136' title='bbox 609 1471 857 1513; x_wconf 83' lang='lat' dir='ltr'>calefaciunt.</span> <span class='ocrx_word' id='word_1_137' title='bbox 945 1467 1053 1524; x_wconf 81' lang='lat' dir='ltr'>Quid</span> <span class='ocrx_word' id='word_1_138' title='bbox 1075 1497 1086 1517; x_wconf 92' lang='lat'>‚</span> <span class='ocrx_word' id='word_1_139' title='bbox 1118 1469 1260 1520; x_wconf 82' lang='lat' dir='ltr'>quaeso</span> <span class='ocrx_word' id='word_1_140' title='bbox 1280 1498 1292 1518; x_wconf 92' lang='lat'>‚</span> <span class='ocrx_word' id='word_1_141' title='bbox 1345 1467 1539 1522; x_wconf 85' lang='lat' dir='ltr'>proficisci</span> <span class='ocrx_word' id='word_1_142' title='bbox 1574 1466 1684 1508; x_wconf 90' lang='lat' dir='ltr'>aliud</span> <span class='ocrx_word' id='word_1_143' title='bbox 1717 1481 1769 1509; x_wconf 85' lang='lat' dir='ltr'>ex</span> <span class='ocrx_word' id='word_1_144' title='bbox 1802 1468 1875 1510; x_wconf 84' lang='lat' dir='ltr'>vsu</span> 
     </span>
     <span class='ocr_line' id='line_1_21' title="bbox 613 1530 1876 1590; baseline -0.002 -14"><span class='ocrx_word' id='word_1_145' title='bbox 613 1536 846 1590; x_wconf 82' lang='lat' dir='ltr'>plantarum</span> <span class='ocrx_word' id='word_1_146' title='bbox 877 1530 1078 1574; x_wconf 90' lang='lat' dir='ltr'>eiusmodi</span> <span class='ocrx_word' id='word_1_147' title='bbox 1113 1533 1269 1583; x_wconf 84' lang='lat' dir='ltr'>potest,</span> <span class='ocrx_word' id='word_1_148' title='bbox 1317 1544 1440 1585; x_wconf 82' lang='lat' dir='ltr'>quam</span> <span class='ocrx_word' id='word_1_149' title='bbox 1477 1530 1671 1572; x_wconf 84' lang='lat' dir='ltr'>iucundus</span> <span class='ocrx_word' id='word_1_150' title='bbox 1704 1533 1750 1573; x_wconf 83' lang='lat' dir='ltr'>ad</span> <span class='ocrx_word' id='word_1_151' title='bbox 1802 1545 1876 1574; x_wconf 79' lang='lat' dir='ltr'>ve-</span> 
     </span>
     <span class='ocr_line' id='line_1_22' title="bbox 611 1594 1895 1649; baseline -0.002 -8"><span class='ocrx_word' id='word_1_152' title='bbox 611 1612 752 1641; x_wconf 86' lang='lat' dir='ltr'>nerem</span> <span class='ocrx_word' id='word_1_153' title='bbox 783 1597 976 1639; x_wconf 84' lang='lat' dir='ltr'>stimulus.</span> <span class='ocrx_word' id='word_1_154' title='bbox 1042 1594 1282 1637; x_wconf 86' lang='lat' dir='ltr'>Nutrientes</span> <span class='ocrx_word' id='word_1_155' title='bbox 1317 1609 1446 1649; x_wconf 81' lang='lat' dir='ltr'>partes</span> <span class='ocrx_word' id='word_1_156' title='bbox 1461 1595 1478 1648; x_wconf 84' lang='grc'>“,</span> <span class='ocrx_word' id='word_1_157' title='bbox 1511 1596 1728 1649; x_wconf 79' lang='lat' dir='ltr'>deperditas</span> <span class='ocrx_word' id='word_1_158' title='bbox 1762 1594 1895 1638; x_wconf 84' lang='lat' dir='ltr'>resti·&#39;</span> 
     </span>
     <span class='ocr_line' id='line_1_23' title="bbox 614 1658 1874 1716; baseline -0.003 -13"><span class='ocrx_word' id='word_1_159' title='bbox 614 1673 738 1703; x_wconf 91' lang='lat' dir='ltr'>tuunt</span> <span class='ocrx_word' id='word_1_160' title='bbox 773 1663 881 1703; x_wconf 80' lang='lat' dir='ltr'>vires</span> <span class='ocrx_word' id='word_1_161' title='bbox 902 1692 913 1712; x_wconf 91' lang='lat'>,</span> <span class='ocrx_word' id='word_1_162' title='bbox 950 1659 1012 1700; x_wconf 84' lang='lat' dir='ltr'>his</span> <span class='ocrx_word' id='word_1_163' title='bbox 1045 1658 1208 1700; x_wconf 85' lang='lat' dir='ltr'>redditis</span> <span class='ocrx_word' id='word_1_164' title='bbox 1242 1673 1426 1702; x_wconf 83' lang='lat' dir='ltr'>amorem</span> <span class='ocrx_word' id='word_1_165' title='bbox 1460 1672 1681 1716; x_wconf 83' lang='lat' dir='ltr'>prouocant</span> <span class='ocrx_word' id='word_1_166' title='bbox 1717 1661 1874 1702; x_wconf 76' lang='lat' dir='ltr'>calidae.</span> 
     </span>
     <span class='ocr_line' id='line_1_24' title="bbox 615 1723 1878 1779; baseline -0.001 -11"><span class='ocrx_word' id='word_1_167' title='bbox 615 1727 715 1768; x_wconf 91' lang='lat' dir='ltr'>Inde</span> <span class='ocrx_word' id='word_1_168' title='bbox 747 1739 826 1766; x_wconf 88' lang='lat' dir='ltr'>non</span> <span class='ocrx_word' id='word_1_169' title='bbox 858 1733 1018 1765; x_wconf 88' lang='lat' dir='ltr'>tantum</span> <span class='ocrx_word' id='word_1_170' title='bbox 1053 1723 1281 1766; x_wconf 86' lang='lat' dir='ltr'>conducunt</span> <span class='ocrx_word' id='word_1_171' title='bbox 1315 1726 1418 1766; x_wconf 83' lang='lat' dir='ltr'>viris</span> <span class='ocrx_word' id='word_1_172' title='bbox 1439 1756 1451 1776; x_wconf 92' lang='lat'>‚</span> <span class='ocrx_word' id='word_1_173' title='bbox 1500 1736 1673 1779; x_wconf 86' lang='lat' dir='ltr'>quorum</span> <span class='ocrx_word' id='word_1_174' title='bbox 1707 1725 1878 1768; x_wconf 87' lang='lat' dir='ltr'>debilio-</span> 
     </span>
     <span class='ocr_line' id='line_1_25' title="bbox 620 1788 1880 1842; baseline -0.001 -11"><span class='ocrx_word' id='word_1_175' title='bbox 620 1803 682 1832; x_wconf 87' lang='lat' dir='ltr'>res</span> <span class='ocrx_word' id='word_1_176' title='bbox 715 1790 781 1831; x_wconf 86' lang='lat' dir='ltr'>vel</span> <span class='ocrx_word' id='word_1_177' title='bbox 818 1790 1040 1842; x_wconf 89' lang='lat' dir='ltr'>decrepitos</span> <span class='ocrx_word' id='word_1_178' title='bbox 1073 1788 1291 1831; x_wconf 87' lang='lat' dir='ltr'>orchidum</span> <span class='ocrx_word' id='word_1_179' title='bbox 1324 1789 1462 1831; x_wconf 86' lang='lat' dir='ltr'>bulbos</span> <span class='ocrx_word' id='word_1_180' title='bbox 1493 1801 1587 1831; x_wconf 90' lang='lat' dir='ltr'>cum</span> <span class='ocrx_word' id='word_1_181' title='bbox 1618 1791 1759 1832; x_wconf 67' lang='lat' dir='ltr'>effectu</span> <span class='ocrx_word' id='word_1_182' title='bbox 1809 1790 1880 1830; x_wconf 82' lang='lat' dir='ltr'>ad·</span> 
     </span>
     <span class='ocr_line' id='line_1_26' title="bbox 621 1852 1880 1909; baseline -0.002 -12"><span class='ocrx_word' id='word_1_183' title='bbox 621 1855 758 1898; x_wconf 88' lang='lat' dir='ltr'>hibere</span> <span class='ocrx_word' id='word_1_184' title='bbox 793 1855 890 1894; x_wconf 91' lang='lat' dir='ltr'>noui</span> <span class='ocrx_word' id='word_1_185' title='bbox 918 1885 928 1904; x_wconf 93' lang='lat'>‚</span> <span class='ocrx_word' id='word_1_186' title='bbox 975 1852 1037 1894; x_wconf 92' lang='lat' dir='ltr'>sed</span> <span class='ocrx_word' id='word_1_187' title='bbox 1071 1864 1233 1894; x_wconf 86' lang='lat' dir='ltr'>vterum</span> <span class='ocrx_word' id='word_1_188' title='bbox 1269 1867 1428 1909; x_wconf 89' lang='lat' dir='ltr'>quoque</span> <span class='ocrx_word' id='word_1_189' title='bbox 1460 1854 1684 1896; x_wconf 83' lang='lat' dir='ltr'>confortant</span> <span class='ocrx_word' id='word_1_190' title='bbox 1705 1886 1716 1907; x_wconf 90' lang='lat'>,</span> <span class='ocrx_word' id='word_1_191' title='bbox 1761 1864 1880 1907; x_wconf 84' lang='lat' dir='ltr'>atque</span> 
     </span>
     <span class='ocr_line' id='line_1_27' title="bbox 621 1917 1879 1973; baseline -0.002 -13"><span class='ocrx_word' id='word_1_192' title='bbox 621 1920 668 1960; x_wconf 80' lang='lat' dir='ltr'>ad</span> <span class='ocrx_word' id='word_1_193' title='bbox 698 1919 1007 1971; x_wconf 88' lang='lat' dir='ltr'>conceptionem</span> <span class='ocrx_word' id='word_1_194' title='bbox 1037 1917 1254 1971; x_wconf 87' lang='lat' dir='ltr'>disponunt</span> <span class='ocrx_word' id='word_1_195' title='bbox 1335 1919 1478 1973; x_wconf 90' lang='lat' dir='ltr'>Neque</span> <span class='ocrx_word' id='word_1_196' title='bbox 1514 1919 1551 1959; x_wconf 93' lang='lat' dir='ltr'>id</span> <span class='ocrx_word' id='word_1_197' title='bbox 1581 1918 1712 1960; x_wconf 88' lang='lat' dir='ltr'>solum</span> <span class='ocrx_word' id='word_1_198' title='bbox 1746 1918 1879 1960; x_wconf 72' lang='lat' dir='ltr'>orchis</span> 
     </span>
     <span class='ocr_line' id='line_1_28' title="bbox 623 1981 1882 2038; baseline -0.001 -15"><span class='ocrx_word' id='word_1_199' title='bbox 623 1983 728 2023; x_wconf 82' lang='lat' dir='ltr'>soliis</span> <span class='ocrx_word' id='word_1_200' title='bbox 761 1983 972 2024; x_wconf 81' lang='lat' dir='ltr'>maculatis</span> <span class='ocrx_word' id='word_1_201' title='bbox 1008 1983 1186 2035; x_wconf 80' lang='lat' dir='ltr'>praestat.</span> <span class='ocrx_word' id='word_1_202' title='bbox 1249 1981 1325 2024; x_wconf 88' lang='lat' dir='ltr'>Sed</span> <span class='ocrx_word' id='word_1_203' title='bbox 1360 1985 1502 2025; x_wconf 89' lang='lat' dir='ltr'>scimus</span> <span class='ocrx_word' id='word_1_204' title='bbox 1535 1983 1572 2023; x_wconf 90' lang='lat' dir='ltr'>id</span> <span class='ocrx_word' id='word_1_205' title='bbox 1624 1995 1645 2023; x_wconf 84' lang='lat' dir='ltr'>a</span> <span class='ocrx_word' id='word_1_206' title='bbox 1699 1983 1882 2038; x_wconf 84' lang='lat' dir='ltr'>pluribus</span> 
     </span>
     <span class='ocr_line' id='line_1_29' title="bbox 620 2046 1884 2101; baseline 0.001 -15"><span class='ocrx_word' id='word_1_207' title='bbox 620 2055 887 2098; x_wconf 80' lang='lat' dir='ltr'>annotatum,</span> <span class='ocrx_word' id='word_1_208' title='bbox 920 2047 1038 2088; x_wconf 88' lang='lat' dir='ltr'>(conf.</span> <span class='ocrx_word' id='word_1_209' title='bbox 1073 2046 1235 2089; x_wconf 85' lang='lat' dir='ltr'>DALE</span> <span class='ocrx_word' id='word_1_210' title='bbox 1270 2047 1428 2093; x_wconf 77' lang='lat' dir='ltr'>Pharm.</span> <span class='ocrx_word' id='word_1_211' title='bbox 1465 2059 1501 2100; x_wconf 93' lang='lat' dir='ltr'>p.</span> <span class='ocrx_word' id='word_1_212' title='bbox 1526 2052 1629 2096; x_wconf 82' lang='lat'>278.</span> <span class='ocrx_word' id='word_1_213' title='bbox 1652 2049 1747 2101; x_wconf 81' lang='lat' dir='ltr'>sqq.)</span> <span class='ocrx_word' id='word_1_214' title='bbox 1765 2059 1884 2089; x_wconf 83' lang='lat' dir='ltr'>cum·</span> 
     </span>
     <span class='ocr_line' id='line_1_30' title="bbox 621 2109 1878 2169; baseline 0 -19"><span class='ocrx_word' id='word_1_215' title='bbox 621 2122 702 2165; x_wconf 89' lang='lat' dir='ltr'>que</span> <span class='ocrx_word' id='word_1_216' title='bbox 735 2110 967 2167; x_wconf 75' lang='lat' dir='ltr'>Europaeae</span> <span class='ocrx_word' id='word_1_217' title='bbox 997 2110 1212 2168; x_wconf 87' lang='lat' dir='ltr'>pleraeque</span> <span class='ocrx_word' id='word_1_218' title='bbox 1247 2125 1376 2155; x_wconf 82' lang='lat' dir='ltr'>vnum</span> <span class='ocrx_word' id='word_1_219' title='bbox 1409 2111 1590 2169; x_wconf 82' lang='lat' dir='ltr'>spargant</span> <span class='ocrx_word' id='word_1_220' title='bbox 1624 2121 1664 2153; x_wconf 87' lang='lat' dir='ltr'>et</span> <span class='ocrx_word' id='word_1_221' title='bbox 1707 2109 1878 2150; x_wconf 83' lang='lat' dir='ltr'>eundem</span> 
     </span>
    </p>

    <p class='ocr_par' dir='ltr' id='par_1_4' title="bbox 1696 2170 1878 2223">
     <span class='ocr_line' id='line_1_31' title="bbox 1696 2170 1878 2223; baseline -0.011 -8"><span class='ocrx_word' id='word_1_222' title='bbox 1696 2170 1878 2223; x_wconf 71' lang='lat' dir='ltr'>odorem.</span> 
     </span>
    </p>
   </div>
  </div>
 </body>
</html>
