2008 2735
576 224 663 267 518
842 212 1532 262 OBSERVATIONES

723 331 877 373 Caulem
913 333 1031 374 habet
1066 334 1245 388 pedalem
1281 336 1453 376 crastum
1477 367 1487 386 ‚
1536 345 1557 372 e
1600 332 1722 374 viridi
1778 332 1842 373 lu-

569 400 782 437 tescentem
806 429 817 448 ,
865 400 912 440 ad
944 411 1134 440 exortum
1173 401 1318 441 leuiter
1353 401 1568 440 rubentem
1592 430 1602 450 ,
1653 397 1840 449 glabrum

568 474 607 502 et
659 463 917 514 rotundum,
969 466 1235 504 terminatum
1288 467 1487 517 taceam,
1532 461 1767 517 compositis
1819 474 1840 501 e

569 526 743 580 globulis
781 529 963 569 floriferis
994 528 1304 570 flauesccntibus.

719 606 890 648 Frondes
925 606 1038 647 b'nne
1070 606 1396 661 decompositae,
1450 609 1580 661 pinnis
1632 605 1843 660 pinnatifi-

566 670 626 711 dis
648 703 658 722 ‚
711 670 863 712 laciniis
896 672 1187 714 orbicul-nibus
1209 704 1220 723 ‚
1255 681 1303 712 vt
1334 685 1397 712 eas
1421 702 1432 721 ‚
1465 672 1570 712 nc‘te
1604 670 1839 713 CLVSIVS

566 738 787 790 pinnarum
825 737 1002 779 lunariae
1037 738 1209 779 minoris
1244 735 1349 777 foliis
1384 736 1533 777 similes
1584 746 1623 776 et
1677 735 1841 788 longio-

569 813 630 842 res
664 801 1003 857 craffiusculasque
1042 802 1384 856 pronunciauerit.
1452 801 1636 843 Laciniae
1672 800 1738 840 vel
1777 801 1842 839 in-

567 876 703 919 tegrae
738 871 827 909 {unt
849 900 860 920 ,
895 869 964 910 vel
1001 867 1148 910 leuiter
1182 877 1374 908 crenatae.

720 945 846 1001 Sapor
881 947 1038 1001 plantae
1072 944 1263 988 subdulcis
1296 946 1350 987 cst
1372 975 1383 996 ‚
1425 944 1486 985 sed
1521 946 1564 986 in
1597 941 1690 996 gula
1724 942 1841 983 ardo-

568 1020 658 1050 rem
695 1010 905 1064 relinquit.

1152 1101 1249 1142 VII.

721 1182 832 1223 Cum
887 1182 1096 1222 Osmunda
1148 1181 1389 1235 Virginiapa
1440 1181 1654 1219 coniunxit
1710 1177 1838 1221 LIN-

567 1243 723 1285 NEVS
760 1245 1015 1286 Osmundam
1053 1240 1255 1296 asphodeli
1291 1242 1452 1293 radice,
1505 1240 1674 1282 PLVM.
1735 1246 1840 1289 ¹36·

567 1318 596 1349 t.
638 1320 743 1356 150.

719 1388 794 1431 Sed
831 1393 990 1446 priori,
1040 1401 1139 1443 quae
1174 1390 1213 1430 in
1250 1388 1440 1431 betuletis
1482 1387 1653 1428 crescere
1702 1400 1841 1441 amat,

569 1456 810 1506 magnitudo
841 1458 895 1498 est
930 1455 1065 1499 multo
1116 1456 1282 1507 minor,
1334 1465 1448 1495 ortus
1494 1451 1688 1493 foliorum
1742 1466 1838 1496 cum

566 1520 681 1572 scapo
733 1524 998 1573 communis,
1048 1521 1290 1572 euidensque
1342 1518 1489 1560 diuisio
1539 1517 1837 1570 pinnaruniad

567 1584 735 1626 vltimas
770 1597 889 1640 vsque
921 1583 1124 1641 pinnulas.
1191 1586 1384 1639 Adeoque
1418 1582 1619 1625 diffemnt.

1141 1710 1263 1754 VIII.

716 1789 829 1833 Duas
863 1791 960 1834 noui
995 1805 1017 1832 e
1054 1791 1188 1832 Pteris
1228 1805 1373 1845 genere
1422 1792 1595 1848 species,
1647 1802 1743 1844 quas
1791 1791 1834 1832 in

565 1856 814 1898 Austoribus
849 1871 930 1899 non
962 1855 1246 1898 determinatas
1284 1857 1449 1898 inuenio
1483 1856 1547 1898 vel
1597 1866 1701 1897 certe
1753 1868 1835 1897 non

567 1922 622 1961 ita
656 1924 900 1978 delcriptas‚
951 1933 998 1964 vt
1033 1924 1162 1976 sapere
1216 1922 1307 1967 inde
1362 1920 1518 1976 poffcm.
1586 1922 1756 1963 Exstant
1791 1923 1833 1961 in

567 1986 763 2028 Herbario
798 1989 1103 2029 Ammanniano
1125 2017 1136 2037 ‚
1170 1989 1275 2040 quod
1313 1988 1530 2030 Academia
1566 1988 1728 2037 seruat,
1768 1997 1834 2026 re·

565 2049 720 2105 fertque
753 2050 794 2093 B.
832 2052 1016 2095 possessor
1050 2051 1236 2104 accepisse
1270 2052 1305 2094 se
1340 2051 1426 2094 illas
1460 2066 1481 2095 a
1528 2048 1832 2109 STELLERO

569 2114 612 2155 in
645 2115 790 2159 Sibiria
824 2117 954 2160 leetas.
1021 2117 1083 2163 Sit
1116 2129 1214 2171 crgo
1249 2119 1397 2176 prima.

1705 2206 1829 2249 Pteria
