2008 2735
562 193 678 242 »ἑῆς
712 192 724 245 )
759 207 786 235 ο
822 193 836 248 (
870 197 987 246 ecee<-
1322 210 1412 257 ⁵⁸⁷

137 297 1381 372 ‘OBSERVATIONES

141 417 521 463 NONNVLLAE
587 423 657 465 IN
725 423 1184 472 OBSERVATORIO
1246 429 1412 477 lMPEe

352 484 516 532 RIALl
551 488 875 533 PETROPOLI
916 491 1197 538 HABITAE.

633 619 922 663 Auctore

312 721 741 768 STEPHANO
790 724 1222 770 RVMOVSKL

409 916 1119 971 OBSERVATIO

188 1013 468 1071 Altitudinis
507 1012 634 1068 Solis
671 1025 901 1080 ternpore
941 1011 1130 1068 solstitii
1173 1012 1341 1070 aestiui

606 1077 755 1132 Anno
788 1080 916 1142 1763.

120 1207 318 1324 Motu
353 1217 517 1277 penduli
552 1220 813 1263 astronomici
859 1218 983 1276 probe
1035 1219 1276 1276 perspedto,
1329 1219 1400 1261 de-

277 1286 375 1327 duxi
413 1283 580 1339 planum
634 1285 870 1339 quadrantis
918 1285 1126 1338 tripedalis
1177 1285 1220 1326 in
1273 1283 1399 1326 talem

115 1349 245 1393 fitum
266 1381 278 1400 ‚
312 1360 360 1391 vt
390 1348 511 1391 filum
543 1350 736 1391 verticaie
770 1348 1028 1393 micrometri
1086 1360 1213 1405 quam
1270 1349 1402 1391 mini-

120 1425 189 1454 me
218 1415 378 1456 distaret
413 1425 434 1454 a
468 1411 592 1468 plano
626 1414 849 1457 meridiani.
946 1412 1119 1470 Quoties
1153 1426 1253 1456 vero
1286 1414 1397 1468 caepi

116 1476 350 1520 altitudines
383 1477 486 1519 Solis
520 1478 778 1528 meridianas,
810 1479 1004 1519 annot-aui
1040 1478 1258 1532 appulsum
1276 1479 1395 1520 vnius

115 1553 167 1582 ex
202 1539 341 1585 limbis
374 1543 421 1584 ad
459 1541 577 1583 filum
613 1543 804 1584 verticale
838 1542 1092 1584 micrometri
1119 1574 1131 1593 ,
1185 1553 1308 1597 atque
1340 1542 1395 1585 fic

117 1605 159 1647 in
193 1607 369 1663 qualibet
408 1607 685 1650 obseruatione
732 1607 948 1651 conuietus
994 1607 1215 1650 euadebam
1240 1640 1252 1659 ,
1303 1609 1393 1662 pia·

115 1683 218 1713 num
248 1672 477 1728 quadrantis
510 1683 596 1714 tam
629 1685 776 1728 parum
808 1685 831 1714 a
866 1672 990 1728 plano
1024 1672 1236 1713 meridiani
1272 1673 1392 1714 diste-

113 1733 232 1788 tifl‘e,
283 1747 330 1779 vt
380 1749 529 1790 error,
580 1737 610 1779 s1
664 1739 755 1791 quis
806 1738 898 1780 inde
938 1735 1281 1779 obseruationibus
1315 1737 1390 1779 sele

113 1799 367 1854 implicuerit
390 1833 402 1853 ,
453 1803 626 1844 omnino
661 1801 710 1843 fit
751 1802 1069 1844 contemnendus
1091 1834 1102 1855 ‚
1155 1801 1387 1856 praesertim

108 1877 206 1906 cum
239 1878 290 1907 ex
324 1867 451 1909 tribus
487 1868 717 1909 minimum
754 1867 913 1920 semper
942 1865 1282 1908 obseruationibus
1303 1866 1387 1906 mi-

109 1941 318 1973 crometro
365 1934 524 1987 captis,
573 1941 614 1974 et
665 1934 741 1974 vix
775 1933 880 1973 inter
915 1933 950 1972 se
983 1931 1255 1972 differentibus
1286 1942 1387 1970 con·

111 1995 299 2038 cluserim
319 1998 565 2039 altitudines.
636 1999 731 2040 Filo
749 1995 1172 2050 quadrantisecentro
1206 1993 1386 2048 pendulo

112 2072 246 2102 vnum
281 2060 468 2115 idemque
501 2060 713 2103 diuisionis
748 2059 948 2114 puneium
985 2071 1132 2112 nempe
1194 2061 1282 2109 53⁰.
1307 2057 1383 2106 50'

108 2126 330 2170 constanter
363 2127 568 2180 quatiente
599 2126 804 2179 sequentes
834 2122 1045 2165 obseruaui
1075 2123 1322 2165 altitudines.

694 2190 732 2230 E
752 2200 773 2228 e
791 2200 813 2228 e
830 2199 853 2228 e
890 2198 914 2226 2
1300 2185 1383 2229 Dio
