2008 2735
334 1750 422 1790 Τὼ.
437 1757 497 1788 iv.

354 1803 430 1853 Fig.
462 1817 495 1850 3.

510 160 598 195 2280·
809 145 910 192 DE
976 144 1465 190 ROTATIONE

505 269 593 311 eius
637 264 746 307 locus
798 262 839 304 in
892 262 973 316 ipsa
1025 260 1231 317 superficie
1280 259 1368 301 solis
1420 257 1617 312 sphaerica
1647 292 1658 313 ‚
1708 261 1771 304 seu

509 332 673 387 sphaera
706 328 860 371 maiore
894 327 930 368 ei
965 329 1215 369 concentrica
1252 326 1518 376 inuestigatur
1539 355 1549 374 ,
1602 323 1631 363 si
1681 327 1774 378 qui-

508 399 601 438 dem
655 392 833 437 maculae
885 392 928 432 in
981 391 1062 447 ipsa
1103 389 1313 446 superficie
1345 389 1463 432 solari
1499 387 1659 431 haerere
1697 401 1776 431 non

507 463 744 504 censeantur.

658 543 748 584 Hoc
783 551 921 585 autem
958 543 1044 584 casu
1080 541 1256 584 calculus
1285 556 1365 585 non
1399 542 1536 585 multo
1570 541 1780 585 difficilior

510 606 656 649 euadet.
719 607 831 650 Loco
880 606 986 649 Solis
1035 608 1148 648 enim
1181 608 1435 649 substituatur
1471 618 1604 648 mente
1638 609 1781 660 globus

511 674 642 713 maior
677 684 804 726 vsque
838 673 885 713 acl
920 674 1130 724 regionem
1168 673 1423 715 macularum
1459 673 1668 725 extensus,
1702 685 1782 713 vn-

508 736 554 776 de
587 736 694 779 aliud
727 738 941 779 discrimen
975 738 1018 778 in
1051 736 1208 779 calculo
1252 751 1333 780 non
1387 737 1654 790 redundabit,
1705 735 1781 778 nisi

512 802 620 854 quod
653 803 780 843 discus
813 800 919 845 Solis
952 804 1116 855 maior,
1150 815 1273 857 quam
1305 815 1444 844 reuera
1477 811 1673 856 apparet,
1724 803 1784 842 as-

512 866 616 907 sumi
650 867 814 918 debeat;
863 865 994 921 sicque
1028 869 1070 908 in
1103 867 1234 920 figura
1268 868 1514 909 diametrum
1550 866 1642 908 disci
1698 865 1783 907 AB

513 929 767 984 aliquantum
801 933 940 982 augeri
964 963 974 980 ‚
1005 933 1052 971 ad
1083 944 1260 986 eumque
1293 933 1498 974 distantiae
1531 930 1623 974 CM
1658 932 1785 973 ratio-

517 1006 609 1033 nem
645 995 819 1046 indagari
857 996 1097 1044 conueniet3
1147 999 1255 1048 quod
1291 1008 1561 1048 augmentum
1603 995 1675 1037 etsi
1731 995 1783 1036 est

516 1055 647 1097 adhuc
699 1060 923 1111 ignotum,
976 1069 1108 1098 tamen
1163 1062 1363 1111 quantitas
1415 1060 1618 1109 incognita
1660 1060 1710 1100 ob
1742 1059 1782 1099 id

517 1120 743 1165 introdueta
779 1120 985 1163 calculum
1020 1133 1100 1161 non
1135 1122 1356 1163 admodum
1394 1122 1578 1162 turbabit.

674 1213 849 1253 Interim
886 1223 1021 1254 tamen
1057 1223 1193 1256 totum
1231 1215 1444 1266 negotium
1499 1215 1655 1267 aliquot
1707 1213 1785 1266 hy-

519 1275 749 1330 pothesibus
779 1277 887 1316 circa
920 1278 1147 1318 distantiam
1182 1279 1441 1319 macularum
1493 1290 1513 1316 a
1566 1276 1660 1317 Sole
1709 1277 1789 1316 fin-

519 1340 658 1393 gendis
692 1340 961 1394 promtissime
992 1341 1217 1382 absoluetur
1241 1373 1252 1393 ,
1299 1343 1400 1382 dum
1435 1339 1591 1394 aliquot
1624 1340 1789 1383 calculis

517 1403 718 1447 subduetis
752 1404 864 1445 facile
899 1404 1141 1457 colligetur,
1175 1418 1373 1459 quaenam
1410 1404 1647 1459 hypotheiis
1677 1407 1788 1460 opti-

519 1481 588 1510 me
636 1469 769 1511 secum
820 1470 1035 1520 consistat,
1087 1480 1204 1524 atque
1260 1471 1306 1510 ad
1348 1470 1561 1511 veritatem
1598 1474 1789 1523 proxime

520 1534 706 1585 accedat3
740 1547 791 1574 ex
821 1533 1037 1575 collatione
1069 1546 1206 1575 autem
1239 1547 1462 1585 errorum,
1515 1534 1657 1591 quibus
1690 1535 1789 1575 forte

521 1597 697 1649 singulae
732 1599 956 1653 inquinatae
990 1599 1373 1653 deprehcndcntur,
1418 1599 1564 1640 vetitas
1599 1599 1788 1641 facillime

521 1661 720 1704 elicietur.

662 1741 969 1784 DESIGNET
986 1756 1083 1796 crgo
1102 1745 1278 1786 circulus
1297 1743 1478 1788 CDGH
1498 1746 1666 1797 globum
1687 1744 1791 1786 Solis

527 1807 591 1848 vel
627 1806 850 1847 naturalem
886 1807 950 1848 vel
985 1809 1153 1850 auitum
1189 1824 1234 1851 ea
1269 1813 1420 1851 ratione
1443 1843 1454 1862 ‚
1502 1824 1581 1863 qua
1617 1811 1792 1852 maculas

528 1872 573 1911 ab
607 1872 692 1911 eius
726 1872 932 1924 superficie
981 1874 1121 1915 distare
1171 1875 1446 1929 suspicamur3
1503 1887 1604 1916 terra
1653 1886 1790 1915 autem

530 1935 578 1975 sit
627 1938 666 1976 in
721 1937 783 1985 T,
836 1939 937 1978 vnde
990 1939 1122 1978 ductis
1172 1950 1260 1980 tum
1296 1941 1341 1980 ad
1379 1951 1562 1980 centrum
1601 1940 1705 1983 Solis
1736 1940 1790 1987 O,

533 2009 620 2039 tum
674 2001 718 2040 ad
774 2002 1005 2042 contactum
1044 2003 1086 2044 D
1121 2005 1238 2045 scetis
1273 2004 1357 2044 TO
1390 2019 1428 2045 et
1465 2006 1578 2055 TD,
1618 2004 1789 2055 angulus

527 2063 669 2107 ΟΤΙ)
719 2063 920 2110 exhibebit
970 2067 1318 2110 iemidiamctrum
1374 2071 1466 2111 disci
1533 2069 1788 2123 apparentis,

1667 2142 1788 2184 quem
