2008 2735
598 213 686 256 558
951 205 1066 248 DE
1133 203 1514 249 GLACIE

594 321 785 362 latescens
819 332 963 361 eorum
999 318 1144 372 color,
1195 318 1372 359 alabastri
1409 319 1474 359 vel
1508 316 1650 360 ochrae
1685 318 1863 371 praesen·

594 387 648 427 tia
682 383 880 438 copiosior
903 417 913 437 ,
947 386 1052 438 spem
1077 415 1088 435 ‚
1141 383 1308 435 glaciem
1348 384 1576 424 inueniendi
1598 415 1607 432 ‚
1662 383 1865 422 incutiunt

595 452 836 491 maximam.
938 449 1095 490 Matrix
1132 449 1211 502 ipsa
1251 447 1350 501 lapis
1403 449 1455 488 est
1478 478 1488 496 ‚
1541 446 1864 496 candidissimus,

595 525 789 568 quarzcus
813 544 823 563 ‚
878 514 932 553 ita
978 515 1101 554 durus
1122 545 1132 564 ,
1185 522 1232 552 vt
1267 511 1367 552 nulli
1400 513 1510 565 saepe
1543 514 1647 552 ferro
1678 512 1866 562 obsequa-

597 588 693 629 tur,
727 581 886 619 accenso
919 575 1033 628 ligno
1064 588 1105 618 et
1136 577 1252 630 super
1285 575 1415 616 adfusa
1449 588 1548 630 aqua
1584 577 1668 631 post
1700 584 1867 628 magnos

599 643 749 684 labores
783 643 1032 695 rumpendus
1065 652 1106 682 et
1139 639 1484 682 comminuendus.

748 769 924 822 Signum
975 782 1076 810 vero
1123 770 1364 824 proximum
1397 766 1748 820 certissimumque
1781 777 1870 806 rna-

599 835 699 874 teria
732 837 923 888 quaedam
959 834 1126 874 friabilis
1160 834 1349 887 praebet,
1400 832 1441 871 in
1479 831 1659 872 lamellas
1692 829 1871 872 diuisibi-

603 898 650 938 lis
674 929 684 948 ,
737 899 1004 952 phengitico‚
1056 899 1237 939 termino
1281 895 1465 937 technico
1506 896 1635 947 Barga
1670 905 1839 936 vocatur
1862 922 1873 943 ‚

602 974 655 1002 ex
707 962 837 1004 albido
888 963 1110 1014 lutestens‚
1165 971 1355 1016 tanquam
1402 961 1531 1001 crusta
1584 961 1626 1000 in
1667 958 1876 1012 superficie

602 1025 847 1068 efflorescens
869 1057 882 1077 ,
916 1029 1020 1066 inter
1057 1029 1215 1067 muscos
1248 1024 1476 1066 delitescens
1497 1056 1507 1074 ,
1542 1037 1584 1064 ac
1621 1023 1752 1063 veluti
1787 1035 1876 1063 me-

602 1090 717 1129 dium
769 1082 866 1143 quid
919 1091 1022 1128 inter
1077 1089 1226 1129 talcum
1259 1097 1301 1126 et
1337 1088 1488 1126 mariae
1520 1086 1691 1135 glaciem
1728 1087 1876 1126 consti-

603 1163 752 1200 tuens,
804 1164 900 1205 quae
947 1164 1067 1190 manu
1124 1150 1288 1191 traCtata
1334 1151 1373 1188 in
1410 1148 1573 1187 frustula
1611 1148 1876 1189 minutissirra

603 1224 815 1266 argentea,
853 1224 1041 1265 tanquam
1079 1214 1119 1251 in
1155 1212 1322 1252 totidcm
1361 1210 1528 1248 hastulas
1560 1208 1734 1249 clehilcit.
1773 1213 1877 1251 Abs-

601 1290 681 1332 que
717 1276 788 1319 hac
826 1277 992 1316 materia
1023 1275 1166 1327 glacies
1201 1275 1240 1314 in
1278 1272 1485 1326 superficie
1527 1283 1755 1324 numquam
1809 1274 1880 1314 de·

609 1339 802 1398 prehensa
833 1341 911 1381 suit
935 1371 944 1389 ‚
997 1341 1056 1380 sed
1093 1353 1135 1380 ea
1172 1339 1373 1393 praesente
1406 1340 1559 1390 (emper
1582 1366 1592 1386 ‚
1642 1336 1724 1376 siue
1780 1337 1878 1378 bona

609 1407 660 1447 sit
681 1437 692 1458 ‚
727 1404 807 1447 siue
840 1404 959 1446 mala.
1021 1404 1174 1456 Bargae
1211 1403 1376 1444 materia
1408 1401 1485 1442 late
1521 1400 1655 1442 diffusa
1679 1432 1690 1453 ‚
1738 1401 1878 1453 glaciei

610 1472 793 1525 optimae
828 1470 1163 1523 praegrandisque
1197 1468 1278 1521 spes
1311 1477 1519 1519 augetur3
1572 1466 1797 1518 interrupta
1839 1474 1880 1504 ct

613 1539 762 1589 exigua
799 1535 949 1587 peioris
984 1533 1144 1586 fignum
1182 1533 1248 1573 est.
1324 1530 1558 1573 Latitudine
1592 1529 1763 1582 spatium
1801 1529 1880 1570 iiie-

614 1613 665 1654 pe
700 1607 872 1651 occupat
907 1600 1028 1638 vnius
1062 1598 1182 1638 vinae
1218 1595 1377 1637 rufficae
1414 1595 1504 1648 plus
1538 1594 1721 1633 minusue
1746 1624 1756 1640 ,
1792 1594 1880 1634 lon—

614 1665 800 1716 gitudine
836 1672 915 1703 tres
951 1662 1122 1717 explet,
1172 1661 1358 1702 craffities
1393 1656 1666 1713 quinque'x‘el
1704 1658 1768 1698 sex
1803 1670 1882 1698 vn-

614 1729 689 1769 ciis
730 1727 904 1781 aequalis
937 1728 1000 1768 est.
1066 1726 1124 1767 Ea
1146 1757 1157 1776 ‚
1193 1734 1381 1779 tanquam
1415 1724 1551 1774 testo,
1582 1731 1763 1773 remota,
1797 1721 1883 1774 gla-

615 1794 689 1834 ciei
732 1793 847 1834 strata
884 1793 923 1832 in
958 1791 1212 1845 conspectum
1249 1790 1421 1831 veniunt
1445 1820 1456 1840 ,
1502 1798 1602 1841 quae
1635 1799 1713 1825 non
1756 1798 1881 1826 xnam

617 1867 660 1899 et
694 1857 859 1897 eandem
895 1858 1035 1899 faciem
1071 1857 1228 1896 seruant
1251 1886 1261 1905 ‚
1314 1866 1460 1895 verum
1496 1852 1642 1904 saepius
1691 1849 1738 1890 ad
1794 1862 1886 1904 pcr-

621 1919 882 1975 fendiculum
916 1922 955 1961 in
993 1920 1088 1961 nido
1119 1919 1247 1960 erecta
1285 1928 1533 1966 cernuntur,
1582 1914 1786 1955 interdum
1837 1911 1899 1954 eo'

620 1985 696 2026 situ
734 1988 780 2027 ad
815 1983 1074 2026 horizontem
1110 1985 1250 2026 saltem
1273 1983 1553 2029 ‘inclinantur,
1590 1979 1792 2020 intcrdum
1813 1989 1885 2018 ve-

619 2061 669 2090 ro
703 2050 755 2090 ita
791 2049 1058 2100 disponuntur
1086 2078 1097 2098 ,
1137 2057 1187 2090 vt
1219 2047 1400 2091 lamellae
1433 2047 1479 2087 ad
1514 2044 1770 2084 horizontem
1814 2054 1883 2095 pa-

619 2112 780 2157 rallelae
831 2112 920 2155 sint.
1017 2114 1123 2156 Haec
1171 2122 1311 2156 autem
1345 2112 1711 2168 quomodocunque
1743 2108 1792 2208 {gc
1813 2105 1884 2144 hn-

1795 2177 1877 2219 ant,
