2008 2735
608 135 723 188 “uffiss
756 132 770 192 )
805 146 831 176 0
868 131 884 191 (
917 128 1031 188 &2230ss
1390 147 1448 187 45

177 261 216 295 ct
250 265 347 307 quae
383 250 430 291 ad
474 260 536 290 eas
588 250 823 304 pertinent,
874 247 1139 302 explicationi
1191 250 1449 293 formationis

174 320 456 359 intestinorum
493 315 792 368 praemittatur.
878 314 1090 368 Postquam
1126 315 1255 366 igitur
1289 317 1338 357 de
1371 317 1450 358 dif-

173 384 337 424 ferentia
372 381 474 420 inter
508 379 799 421 formationem
840 379 1021 434 partium
1045 411 1056 432 ‚
1106 391 1208 434 quae
1256 382 1448 423 animali-

173 448 243 488 bus
277 458 370 501 prae
406 443 552 498 plantis
584 445 775 499 propriae
808 443 899 484 sunt
921 475 934 496 ,
968 444 1100 487 veluti
1136 445 1319 487 intestina
1340 447 1447 500 sunt,

171 522 211 553 et
244 521 385 552 earum
421 510 604 562 partium
635 509 923 551 formationem
948 540 959 561 ‚
994 523 1091 565 quae
1126 512 1310 566 Vtrisque
1329 525 1447 554 com-

170 587 310 616 munes
362 575 484 625 stiur,
539 576 737 617 nonnulla
769 575 994 626 generatim
1031 576 1228 630 praefatus
1262 578 1315 618 est
1352 578 1447 619 Au-

165 640 284 691 c'tor3
320 651 454 680 aream
494 639 737 681 vasculoliim
761 671 772 691 ,
816 641 1028 693 imprimis
1060 642 1146 682 eius
1180 642 1446 684 construetio-

162 716 258 744 nem
291 716 331 745 et
366 703 690 746 distributionem
726 704 919 744 vasorum
956 705 997 744 in
1030 718 1073 745 ea
1109 705 1327 746 describere
1379 708 1444 747 in-

162 769 276 822 cipit.
341 768 439 810 Inde
474 770 651 811 areolam
688 768 933 823 pellucidam
959 801 969 821 ‚
1003 782 1103 824 quae
1139 772 1311 812 interior
1331 783 1442 813 arene

163 833 386 874 vasculosae
420 845 509 886 pars
540 835 616 885 est,
650 836 737 875 eius
768 833 1069 886 phaenomena,
1102 835 1310 888 figuram,
1346 850 1443 877 mu-

164 899 366 948 tationes,
417 909 640 952 veramque
690 897 1027 939 construetionem
1070 909 1110 939 ct
1152 902 1270 941 vsum
1305 902 1443 953 expli-

162 973 235 1002 cat.
335 961 524 1014 Denique
575 963 765 1003 amnium
801 962 986 1015 spurium
1022 965 1192 1017 exponit
1225 967 1440 1006 secundum

161 1025 339 1077 figuram
364 1056 374 1075 ,
410 1027 572 1077 varias,
607 1025 751 1081 quibus
783 1028 1050 1081 componitur
1074 1059 1084 1079 ,
1117 1036 1247 1082 partes
1282 1038 1322 1069 et
1341 1042 1440 1071 con-

157 1090 432 1132 structionem.

311 1155 417 1198 Haec
454 1155 705 1199 constituunt
738 1166 896 1211 partem
950 1156 1130 1201 theoriae
1182 1159 1438 1201 formationis

156 1221 440 1263 intestinorum
476 1222 665 1274 primam.
755 1222 803 1263 In
836 1231 947 1275 parte
983 1224 1150 1264 secunda
1184 1224 1230 1266 ad
1264 1226 1438 1266 interio-

154 1298 214 1326 res
248 1285 336 1326 illas
368 1286 496 1326 amnii
534 1288 657 1339 spurii
694 1297 824 1341 partes
860 1288 1000 1328 tt·ans1t
1022 1321 1032 1341 ‚
1068 1301 1168 1343 quae
1203 1289 1310 1329 intra
1344 1303 1437 1331 em-

151 1349 350 1398 bryonem
386 1350 662 1401 producuntur
686 1382 696 1402 ‚
748 1362 789 1393 et
824 1364 926 1405 quae
962 1354 1044 1407 ipsa
1079 1355 1162 1395 iam
1225 1354 1437 1397 intestino-

150 1424 248 1451 rum
301 1412 525 1464 prImordia
579 1415 682 1455 sunt.
782 1415 834 1455 In
884 1419 1048 1467 regione
1100 1418 1227 1458 amnii
1257 1419 1433 1475 spurii,

150 1488 252 1530 quae
287 1477 445 1528 regioni
480 1477 713 1529 embryonis
767 1479 964 1519 cardiacae
1016 1481 1261 1533 respondet,
1319 1484 1434 1522 fouea

146 1542 198 1580 est
220 1570 231 1590 ,
281 1540 399 1580 valde
430 1540 593 1592 exigui,
627 1555 648 1581 a
686 1542 940 1581 membranae
974 1545 1102 1582 amnii
1139 1545 1266 1596 spurii
1303 1555 1431 1597 parte,

148 1615 254 1645 intra
290 1606 560 1655 embryonem
599 1604 792 1659 producta
818 1635 829 1655 ,
881 1605 1063 1646 formata.
1167 1608 1346 1649 Foueola
1379 1611 1431 1650 est

146 1667 356 1711 orificium
394 1667 600 1721 speluncae
623 1701 633 1720 ‚
680 1681 780 1724 quae
816 1670 975 1710 sursum
1012 1671 1052 1710 in
1088 1672 1311 1724 embryone
1332 1686 1430 1714 con—

148 1735 342 1775 tinuatur.
443 1734 547 1774 Haec
601 1734 787 1788 spelunca
823 1734 1108 1790 microscopica
1146 1737 1428 1779 ventriculum

148 1801 301 1849 refert,
350 1798 448 1840 adeo
470 1831 480 1850 ‚
517 1810 564 1841 vt
599 1801 685 1840 eius
719 1798 871 1840 cauit-as
905 1799 1124 1846 ventriculi
1163 1800 1210 1841 fit
1243 1804 1430 1854 cauita53

147 1864 401 1904 membranae
436 1875 547 1917 pars,
578 1877 655 1917 qua
691 1864 875 1918 spelunca
906 1866 1105 1905 formatur
1129 1895 1139 1915 ‚
1175 1865 1255 1917 ipiit
1293 1880 1428 1908 mem-

145 1927 264 1968 brana
287 1929 518 1971 .ventriculi
554 1928 634 1980 sit,
682 1939 724 1969 et
762 1928 1014 1970 ventriculus
1048 1929 1177 1981 igitur
1213 1929 1282 1970 sub
1340 1934 1428 1987 pri-

149 2004 220 2031 mo
257 1991 332 2031 hoc
367 1994 435 2033 suo
470 1994 587 2035 initio
621 1995 797 2034 anterius
835 2004 996 2048 apertus
1027 1994 1176 2034 existat.
1281 1998 1318 2038 A
1362 1998 1427 2038 fo-

145 2068 218 2097 vea
251 2055 324 2097 illa
362 2056 535 2100 cardi-„lca
586 2059 773 2101 deorsum
826 2071 931 2099 rima
980 2061 1242 2101 continuatur
1265 2091 1275 2110 ‚
1329 2071 1423 2102 ante

746 2124 769 2163 f
797 2133 819 2170 3
1268 2126 1423 2180 spinam
