2008 2735
582 168 697 223 ωεε-ἑέ
731 168 747 220 )
782 179 809 211 0
846 166 862 225 (
892 168 1010 221 &1⁶30
1370 185 1424 226 17

155 285 424 330 multitudine
457 284 648 334 obruta,
699 292 746 324 vt
783 295 860 338 pro
893 284 974 338 ipsa
1011 293 1150 328 motus
1201 288 1426 342 perturbati

151 351 482 396 determinatione
515 360 662 402 parum
700 348 791 390 inde
825 348 927 390 lucis
959 349 1163 394 affulserit.

298 446 405 502 Quas
455 459 551 490 cum
612 444 794 486 molestas
829 447 1014 500 ambages
1050 448 1224 490 Illussris
1255 449 1424 493 Eulcrur

150 513 232 567 post
268 513 398 553 multa
432 513 654 553 tentamina
686 510 789 552 felici
827 513 988 554 tandem
1025 516 1274 569 compendio
1304 516 1424 571 supe—

146 576 325 628 rauerit3
380 576 625 617 methodum
682 575 722 616 in
760 578 955 630 praesenti
990 578 1255 621 dissertatione
1291 593 1423 635 expo·

144 641 204 681 nit
234 641 490 695 planetarum
530 651 668 682 motus
704 653 724 681 a
757 641 1061 697 quibuscunque
1119 644 1274 685 viribus
1328 658 1426 700 per-

143 707 321 747 turbatos
354 709 541 761 expedite
574 717 615 747 et
651 704 731 745 sine
766 708 882 747 omni
919 707 1221 750 elementorum
1278 709 1423 750 consu-

142 770 250 812 sione
314 772 360 813 ad
419 773 564 814 calculi
624 770 882 814 astronomici
936 774 1138 815 rationem
1192 776 1417 816 reuocandi.

140 835 254 878 Duas
307 850 456 891 nempe
507 836 684 876 intricati
733 834 858 874 huius
909 839 1065 888 negotii
1122 848 1254 892 partes
1288 840 1418 892 ficit,

140 901 420 942 mechanicam
459 911 582 941 vnam
606 931 616 949 ,
655 898 821 938 alteram
858 902 1187 952 geometricam,
1238 915 1418 956 quarum

140 966 207 1006 illa
242 966 380 1006 locum
417 963 630 1016 corporis,
679 962 727 1002 de
760 963 874 1002 cuius
907 974 1025 1005 motu
1071 967 1284 1020 quaeritur
1306 998 1317 1017 ‚
1369 969 1417 1009 ad

137 1029 307 1083 qnoduis
347 1039 506 1083 tempus
540 1039 614 1080 per
649 1036 728 1067 tres
762 1029 1095 1071 coordinatas'ad
1146 1031 1183 1071 se
1235 1032 1415 1073 inuicem

136 1095 340 1135 normales
375 1094 543 1135 definire
565 1124 576 1143 ‚
606 1090 700 1133 hacc
736 1104 837 1133 vero
868 1093 957 1134 loca
995 1096 1118 1136 modo
1153 1096 1319 1137 inuenta
1345 1110 1415 1152 per

134 1155 410 1210 longitudines
459 1167 499 1200 et
550 1156 786 1199 latitudines
839 1170 955 1199 more
1010 1159 1116 1199 inter
1163 1161 1415 1204 astronomos

133 1233 296 1276 recepto
329 1224 561 1278 exprimere
595 1223 720 1264 docet.
823 1222 1012 1264 Definito
1048 1224 1197 1267 scilicet
1232 1238 1302 1281 per
1336 1225 1415 1268 tres'

132 1288 378 1329 coordinatus
409 1288 589 1341 corporis
622 1297 740 1328 motu
766 1318 777 1337 ,
812 1300 918 1329 noua
951 1290 1001 1330 iis
1035 1288 1233 1332 elementa
1256 1323 1267 1343 ‚
1320 1290 1414 1334 lon-

133 1352 279 1401 gitndo
313 1364 458 1404 nempe
492 1352 620 1392 lineae
655 1351 858 1392 nodorum
883 1384 894 1401 ‚
943 1352 1154 1396 inclinatio
1183 1356 1336 1397 orbitae
1370 1365 1412 1397 et

133 1423 427 1464 argumentum
463 1413 690 1453 latitudinis
714 1445 725 1463 ‚
774 1416 1070 1459 substituuntur
1094 1450 1107 1471 ‚
1148 1431 1326 1473 quorum
1362 1422 1410 1463 ad

134 1488 214 1517 tres
249 1478 334 1518 istas
367 1479 614 1518 coordinatus
645 1476 791 1516 relatio
825 1478 866 1517 in
900 1490 1016 1531 parte
1050 1486 1296 1533 geometrica
1326 1495 1410 1524 tra-

130 1542 254 1581 ditur.

280 1635 469 1680 Resoluta
505 1638 632 1690 igitur
666 1637 711 1676 vi
749 1636 1038 1690 perturbatrice
1070 1638 1293 1682 secundum
1343 1642 1407 1684 di-

126 1700 321 1743 rectiones
356 1703 484 1743 trium
522 1702 881 1752 coordinatarum3
929 1714 1026 1743 cum
1061 1706 1188 1746 tribus
1222 1708 1303 1748 istis
1336 1709 1403 1749 vi·

126 1767 234 1807 ribus
269 1768 325 1807 ita
372 1769 547 1808 inuentis
599 1766 901 1808 accelerationes
950 1769 1131 1822 corporis
1184 1771 1403 1814 secundum

125 1834 276 1874 easdem
311 1832 552 1875 directiones
589 1832 666 1873 smt
700 1832 1039 1886 proportionales:
1079 1837 1274 1890 principia
1314 1850 1403 1877 me·

125 1893 285 1937 chanica
328 1906 405 1938 tres
457 1898 644 1951 praebent
695 1897 949 1951 aequationes
1000 1898 1401 1942 differendo-diste-

125 1961 310 2002 rentiales
338 1993 348 2013 ,
396 1975 497 2016 quae
535 1964 703 2005 totidem
740 1971 881 2003 motus
915 1963 1269 2007 determinationes
1301 1980 1401 2008 con-

123 2025 288 2075 tinent,
339 2028 380 2066 in
431 2028 571 2081 quibus
623 2026 841 2072 commode
886 2027 975 2069 inde
1009 2029 1238 2073 deriuandis
1273 2046 1399 2076 omne

120 2089 292 2131 consistit
327 2091 563 2135 artificium.
652 2092 761 2134 Cum
799 2092 927 2145 igitur
960 2092 1217 2148 planetarum
1258 2107 1399 2139 motus

181 2155 307 2197 Tom.
321 2155 423 2197 XII.
438 2155 550 2197 Nou.
561 2155 729 2198 Comm.
938 2171 960 2199 c
1290 2161 1395 2202 irre-
