2008 2735
586 202 674 248 546
775 195 858 238 DE
893 195 1329 240 PROPRIETATIB.
1369 196 1653 241 PLANTAR.

735 310 879 365 Sicque
930 324 1033 352 nunc
1092 312 1259 366 insignia
1319 311 1524 366 protulisse
1561 325 1626 353 me
1659 310 1848 366 exempla

583 385 685 430 puto
707 406 718 426 ,
765 378 908 430 quibus
960 387 1090 431 pateat
1123 387 1321 431 quantum
1357 379 1396 416 in
1433 377 1703 428 dignoscendis
1737 375 1852 429 plan<

583 452 717 481 taruin
756 442 911 481 viribus
947 441 1073 481 valeat
1107 441 1307 482 character
1340 441 1563 482 botanieus!
1604 439 1749 482 Nolim
1780 453 1853 481 γε..

581 518 628 545 ro
664 504 757 546 haec
792 507 971 546 nimium
1007 506 1199 556 extendi,
1250 518 1297 546 ne
1330 508 1462 546 credat
1501 507 1645 559 aliquis
1669 537 1679 556 ‚
1732 504 1852 546 illum

582 570 763 611 sufficere
800 570 946 611 solum.
1022 568 1131 610 Meta
1164 571 1283 610 datur
1307 599 1318 620 ,
1368 570 1476 610 vltra
1511 582 1634 624 quam
1684 582 1853 624 progre-

581 635 772 675 diendum
821 648 901 676 non
955 632 1022 674 est.
1125 634 1267 675 Innuit
1320 633 1499 674 botanffca
1534 636 1678 685 facies,
1729 646 1853 687 quam

581 699 712 741 oblata
750 699 883 752 planta
919 697 1121 738 virtutem
1157 697 1294 739 habeat
1312 697 1562 749 generaliter.
1632 702 1855 751 Atquem-

582 764 804 805 admodum
840 775 883 804 ea
919 763 960 801 in
993 763 1281 803 determinatae
1314 762 1491 802 familiae
1538 762 1684 815 plantis
1735 763 1857 804 modo

584 830 843 883 summopere
877 828 991 878 viget
1014 856 1025 877 ,
1061 829 1186 868 modo
1221 828 1358 868 minus
1391 827 1535 867 efficax
1569 827 1622 867 est
1645 858 1655 877 ,
1687 836 1727 867 et
1763 839 1858 867 mo·-

583 895 637 935 do
688 903 822 948 torpet
847 924 857 942 ‚
912 903 954 934 et
993 893 1345 944 quemadmodum
1381 891 1546 931 diuersis
1577 891 1750 932 familiae
1783 903 1859 932 cu-

586 961 742 1001 iusdam
779 957 926 1012 plantis
960 957 1136 998 diuersae
1171 958 1343 997 virtutes
1377 956 1476 998 aliae
1510 957 1723 1007 accedunt,
1757 957 1859 1009 quin

584 1024 692 1075 quod
729 1035 804 1061 vna
837 1031 878 1061 et
914 1021 1053 1060 eadem
1091 1020 1223 1074 planta
1257 1034 1331 1073 pro
1374 1021 1497 1060 variis
1549 1021 1627 1061 suis
1682 1021 1859 1073 partibus

585 1088 715 1125 varias
746 1085 885 1125 habeat
922 1084 1188 1136 proprietates
1224 1083 1412 1123 salutares
1434 1114 1444 1132 ,
1495 1085 1682 1123 ita·tunc
1730 1095 1859 1137 expe-

585 1150 752 1190 rientiae
788 1148 895 1187 locus
926 1148 1045 1186 datur
1066 1178 1076 1195 ‚
1129 1159 1228 1199 quae
1263 1147 1444 1199 repetitis
1476 1146 1630 1185 vicibus
1663 1148 1820 1187 euincat
1846 1178 1858 1197 ,

585 1225 668 1265 quo
703 1213 743 1251 in
777 1210 900 1261 gradu
939 1207 1073 1259 planta
1094 1238 1105 1257 ‚
1160 1209 1208 1248 de
1243 1220 1320 1260 qua
1354 1208 1491 1257 agitur
1514 1235 1525 1255 ,
1575 1209 1719 1247 efficax
1775 1210 1823 1250 sit
1847 1241 1858 1261 ,

584 1286 789 1329 quamque
821 1274 925 1316 forte
957 1269 1085 1312 adhuc
1123 1270 1246 1311 aliam
1300 1270 1483 1312 iunctam
1533 1267 1602 1309 sibi
1659 1270 1858 1318 virtutem

586 1339 742 1381 habeat.
839 1335 1058 1380 Char-after
1108 1335 1314 1377 botanicus
1373 1336 1503 1388 digito
1533 1333 1700 1386 quidem
1738 1349 1859 1378 mon·

586 1405 682 1446 strat
702 1435 715 1454 ,
763 1402 897 1458 quales
927 1401 1135 1441 facultates
1170 1400 1327 1455 plantae
1359 1399 1397 1441 in
1436 1409 1580 1453 genere
1613 1398 1755 1442 habere
1787 1402 1859 1443 de.

584 1470 712 1510 beant.
815 1466 1081 1521 Experientia
1110 1475 1224 1507 certo
1255 1466 1403 1508 scimus
1423 1497 1435 1516 ,
1489 1463 1622 1518 quales
1658 1462 1826 1507 habeant
1846 1493 1859 1517 ‚

586 1544 628 1575 et
661 1544 867 1587 quousque
900 1531 1180 1572 extendantur.
1280 1529 1425 1583 Neque
1476 1527 1619 1569 necesse
1673 1529 1723 1569 est
1747 1560 1758 1581 ‚
1809 1539 1858 1571 vt

588 1609 731 1640 omnes
782 1598 823 1637 in
875 1597 1109 1636 vniuersum
1165 1593 1324 1647 plantae
1357 1594 1536 1634 examini
1570 1593 1859 1646 subjiciantur,

589 1662 767 1715 adeoque
798 1672 941 1701 omnes
976 1660 1016 1698 in
1061 1659 1173 1699 vsum
1226 1660 1436 1701 medicum
1488 1655 1707 1698 trahantur.
1809 1658 1857 1700 In

588 1725 838 1779 Compositis
871 1738 910 1766 v.
945 1736 978 1764 c.
1015 1723 1162 1764 scimus
1211 1737 1315 1764 nunc
1368 1725 1617 1764 Taraxacum
1643 1754 1654 1773 ,
1701 1721 1856 1764 Cicho·

588 1803 704 1832 reum
725 1821 737 1841 ‚
768 1790 966 1832 Bellidem
1002 1787 1075 1829 rel.
1113 1789 1306 1842 praeditas
1340 1790 1495 1830 virtute
1525 1786 1660 1827 blanda
1688 1817 1698 1836 ,
1733 1786 1856 1828 resol-

589 1865 709 1897 vente
732 1885 743 1906 ,
795 1856 1015 1908 saponacea.
1113 1852 1222 1906 Quid
1275 1854 1466 1903 interest,
1516 1863 1617 1892 num
1653 1852 1857 1902 sciamus,

588 1921 837 1973 experientia
874 1919 967 1960 teste
990 1949 1000 1968 ,
1048 1931 1096 1958 :m
1132 1917 1298 1960 habeant
1331 1931 1419 1960 eam
1454 1928 1594 1957 omnes
1615 1947 1627 1966 ‚
1681 1915 1752 1956 hac
1789 1916 1857 1956 sub

588 1983 741 2024 familia
792 1981 1112 2038 comprehensae.
1213 1985 1500 2036 Augmentum
1556 1982 1647 2022 inde
1699 1989 1857 2034 caperet

587 2048 801 2102 cognitio,
858 2061 938 2091 non
990 2046 1212 2090 hominum
1264 2047 1425 2091 uilitas,
1526 2045 1709 2090 Medicus
1756 2046 1857 2145 adico

1761 2119 1788 2159 p
1810 2117 1854 2145 us
