2008 2735
346 182 428 223 EX
464 180 859 224 CHARACTERE
895 182 1212 229 BOTANICO.
1326 199 1411 236 331

146 298 192 339 ad
228 308 372 352 aquaS,
408 294 511 337 vnde
544 295 655 334 suam
694 291 881 333 hauriant
906 323 917 344 ‚
976 296 1240 348 pronunciare
1270 299 1420 339 diffici-

147 364 227 405 lius
279 361 344 402 est.
443 359 520 400 Sed
554 359 701 400 sufficit
737 356 877 397 habere
899 388 910 409 ‚
960 360 1085 401 doute
1118 362 1288 407 certiora
1324 376 1421 416 pro-

147 429 255 469 sscut.
320 426 440 466 Forte
473 436 493 463 e
531 434 634 464 terra
672 423 840 475 sugitur.
931 426 1054 467 Forte
1088 426 1232 466 tribuit
1265 425 1419 481 aliquid

144 492 270 533 limus
299 490 556 544 efficaciore,
589 492 696 547 quod
731 489 910 533 continet
937 520 949 545 ,
991 492 1208 550 principio.
1305 492 1420 540 Certi

143 557 203 601 nil
236 557 347 598 noui.

292 619 358 661 Ad
395 618 547 667 Muscos
582 618 704 661 tertio
729 617 897 668 accedo,
929 618 1273 665 naturaliffimum
1300 621 1417 677 plan*

139 692 275 727 tarum
307 685 528 735 ordinem,
578 695 680 737 quae
714 682 952 734 vegetabilia
997 685 1120 737 sunt,
1170 688 1287 728 omni
1337 690 1417 730 fere

137 751 232 790 anni
268 759 452 802 tempore
485 747 616 800 syluas
652 747 916 801 vmbrofiique
968 759 1082 802 prata
1134 750 1420 804 pulcherrimo

138 814 354 867 saturoque
386 813 526 858 virore
570 812 642 855 suo
690 813 960 862 exornantia,
1011 813 1122 860 foliis
1171 827 1319 860 eorum
1374 818 1417 862 in

137 878 272 919 deuios
306 877 507 920 fasciculos
563 875 792 930 dispositis,
841 886 881 920 et
931 877 1049 932 super
1104 888 1211 923 terra
1241 913 1252 934 ‚
1302 881 1418 932 ligno

135 941 413 996 lapidibusque
445 943 534 985 latis
570 941 699 995 plagis
731 942 975 995 repentibus.
1076 943 1228 984 Forma
1270 959 1416 988 eorum

135 1017 176 1047 et
211 1004 370 1051 habitus
402 1007 501 1051 adeo
534 1006 760 1064 propriuS,
793 1014 840 1048 vt
872 1006 919 1050 de
956 1007 1097 1048 musco
1129 1006 1283 1060 oblato,
1318 1010 1417 1063 quid

133 1069 184 1110 s1t
205 1100 216 1120 ‚
253 1082 374 1110 nemo
407 1071 562 1113 dubitet
584 1099 594 1119 ‚
625 1070 802 1122 adeoque
834 1068 882 1108 de
918 1070 1234 1126 proprietatibus
1254 1103 1265 1124 ,
1323 1074 1419 1127 qui-

132 1133 201 1178 bus
235 1133 472 1184 donantur,
524 1131 730 1177 neceffaria
773 1142 934 1178 tantum
989 1146 1152 1180 moneo,
1251 1137 1414 1180 Austeri

129 1210 274 1241 omnes
324 1199 446 1246 sunt,
502 1195 541 1237 h.
595 1208 629 1235 e,
679 1196 840 1240 acidum
885 1197 927 1239 in
969 1196 1005 1237 se
1059 1197 1235 1249 fouent,
1286 1209 1417 1248 terrae

123 1258 317 1315 june'tum
343 1291 353 1310 ‚
405 1260 569 1312 indeque
622 1260 824 1313 competit
860 1259 954 1317 ipsis
987 1259 1245 1319 adstringendi
1288 1265 1418 1306 facul÷

132 1336 203 1369 tas.
305 1323 422 1369 Tales
473 1322 653 1367 chimico
704 1325 953 1375 deteguntur
1005 1334 1135 1379 partes
1174 1357 1185 1378 ‚
1239 1329 1418 1384 talesque

131 1391 244 1443 gustu
291 1389 645 1440 deprehendimus.
730 1388 827 1432 Inde
863 1388 892 1434 fi
928 1389 978 1434 de
1027 1390 1202 1437 veritate
1254 1402 1415 1436 tamum

131 1455 312 1505 constet,
348 1465 427 1494 non
464 1452 641 1506 amplius
674 1453 855 1508 dispicfes
877 1485 889 1505 ‚
927 1453 995 1497 vbi
1033 1455 1154 1499 musci
1177 1458 1412 1500 conducant,

132 1521 211 1562 Res
245 1519 354 1559 enim
390 1518 574 1572 loquitur
610 1518 702 1573 ipsa.
770 1518 845 1560 Sed
880 1519 1127 1571 tenendum,
1161 1522 1412 1578 principium

130 1585 330 1625 austerum
366 1595 446 1623 non
489 1585 628 1634 vigere
676 1583 807 1625 vbiuis
859 1582 1112 1637 aequaliter,
1164 1587 1206 1626 in
1260 1586 1410 1641 Bryis,

131 1648 280 1704 Hypnis
314 1660 337 1689 e
368 1646 495 1689 Mnilr
530 1648 605 1689 effe
641 1661 735 1703 prae
766 1647 855 1690 aliis
890 1646 1108 1690 sensibilius
1132 1680 1144 1700 ,
1193 1655 1412 1706 torpescere

130 1713 172 1753 in
228 1711 494 1766 polytricho,
562 1713 680 1754 cuius
714 1723 852 1755 tamen
899 1713 1093 1765 quaedam
1146 1714 1291 1767 species
1341 1719 1411 1760 ad-

129 1777 315 1818 hucdum
346 1776 461 1818 valde
497 1777 667 1819 austerae
704 1777 796 1818 sunt
824 1807 836 1828 ‚
887 1776 1053 1817 herbam
1076 1776 1287 1833 selaginum
1336 1796 1412 1836 po-

130 1852 262 1883 tenter
302 1852 504 1895 purgare‚
554 1855 652 1884 cum
699 1842 819 1898 pollen
872 1841 1121 1892 adstringat,
1170 1845 1277 1897 quod
1329 1859 1409 1888 non

130 1916 290 1947 tanturn
325 1907 372 1947 de
403 1905 472 1949 illa
504 1907 612 1950 valet
636 1938 648 1959 ,
697 1907 841 1949 abieris
878 1905 1020 1947 rubrae
1072 1905 1168 1947 facie
1190 1938 1202 1958 ,
1262 1910 1326 1953 sed
1360 1912 1408 1953 de

128 1970 525 2016 DlLLENlANlS
577 1975 656 2015 fere
708 1970 899 2013 omnibus
929 2002 940 2022 ,
991 1969 1196 2025 Lycopodia
1254 1975 1408 2030 reliqua

128 2039 221 2078 vim
257 2035 521 2078 muscularem
562 2039 764 2080 maiorem
800 2036 1093 2087 minoremque
1127 2034 1294 2091 habere,
1328 2054 1409 2082 vn-

127 2102 176 2144 de
209 2110 249 2141 et
280 2100 475 2144 clauatum
508 2101 732 2145 fulminans
766 2101 924 2141 interne
958 2100 1000 2141 in
1030 2099 1270 2153 Dysenteria
1290 2105 1408 2145 vsur-

694 2166 738 2208 X
758 2175 786 2206 x
805 2175 833 2205 x
872 2176 896 2203 2
1258 2178 1402 2222 patum
