2008 2735
572 164 686 215 -3023
719 160 732 218 >
767 173 794 203 0
830 159 846 218 (
878 163 991 214 300⁹<-
1356 161 1413 205 ⁸⁷

625 275 726 316 DE
794 272 935 314 VSV

151 364 684 432 ALGORITHMI
727 355 1413 422 1NF1N1TESIMALIS

246 480 315 523 IN
350 480 509 525 ARTE
544 475 970 520 CONlssCTANDl
1003 472 1316 520 SPECIMEN.

644 607 941 649 Auctore⁴

393 718 713 763 DANIELE:
770 717 1187 762 BERNOVLLI..

725 850 759 898 ξ.
808 863 846 890 1.

154 920 321 1039 Cum
359 939 489 982 nuper
520 929 568 969 de
600 939 848 979 argumento
881 928 1101 979 cogitarem
1126 961 1137 981 ,
1173 928 1287 970 cuius
1320 925 1422 972 exam*

282 1006 375 1034 men
428 994 468 1030 in
519 995 756 1043 proximam
808 992 992 1031 differam
1044 991 1330 1040 occasionem,
1378 995 1420 1033 in

151 1057 420 1110 quaestionem
456 1054 614 1104 incidi,
656 1067 756 1106 quae
791 1056 838 1094 ad
874 1064 1004 1094 artam
1040 1054 1289 1096 coniec'tandi
1324 1068 1420 1109 pcr-

149 1121 253 1160 tinet
273 1149 284 1169 ‚
337 1119 430 1171 quia
485 1129 583 1158 vero
618 1118 698 1170 ipia
732 1118 825 1158 haec
856 1118 1034 1171 quaestio
1062 1117 1344 1161 coniecturalis
1375 1120 1423 1162 ab

149 1183 278 1224 altero
311 1191 559 1234 argumento
595 1181 723 1223 videri
759 1183 885 1236 potest
920 1183 1081 1236 prorsus
1115 1183 1243 1223 aliena
1271 1214 1282 1235 ,
1336 1195 1419 1224 non

150 1248 425 1299 incongruum
460 1249 600 1298 pumui
636 1259 725 1286 eam
762 1246 925 1287 seorsim
960 1250 1249 1300 praemittere,
1283 1246 1418 1301 ficque

151 1311 491 1364 disquisitionibus
524 1311 725 1363 proximis
761 1310 893 1351 veluti
947 1312 1060 1351 viam
1115 1312 1318 1362 sternere,
1381 1319 1424 1350 et

152 1375 319 1428 quidem
352 1383 464 1412 tanto
497 1372 699 1424 libentius,
730 1385 776 1415 vt
812 1374 888 1416 hoc
919 1378 1108 1426 facerem,
1140 1375 1332 1415 animum
1354 1374 1421 1414 in-

151 1439 280 1487 duxi,
328 1437 434 1489 quod
492 1435 570 1489 ipsa
623 1435 839 1477 methodus
890 1439 1016 1478 nostra
1052 1451 1152 1478 mox
1191 1437 1423 1490 explicanda

151 1501 304 1554 ahquid
337 1501 516 1539 conferre
553 1501 657 1553 posse
692 1501 877 1540 videatur
909 1501 955 1540 ad
991 1513 1096 1541 noua
1132 1501 1172 1539 in
1205 1509 1289 1539 arte
1324 1512 1423 1540 con-

152 1563 321 1604 iestandi
357 1562 555 1615 principia
591 1564 799 1602 formanda
833 1575 876 1602 ac
927 1564 1185 1612 stabilienda,
1236 1565 1422 1603 nondum

151 1628 258 1682 quod
295 1627 411 1666 sciam
456 1624 633 1665 adhibita
686 1634 878 1678 tantoque
931 1627 1059 1675 magis
1111 1633 1421 1676 geometrarum

153 1691 373 1732 attentione
407 1690 538 1740 digna.
606 1689 778 1744 Quoties
810 1700 956 1741 nempe
990 1687 1038 1728 fit
1058 1720 1068 1739 ‚
1101 1698 1149 1728 vt
1182 1688 1288 1728 sorte
1323 1701 1426 1730 con-

155 1757 266 1796 tinua
302 1765 424 1808 eaque
458 1753 640 1793 variabili
677 1765 816 1792 rerum
852 1754 972 1793 status
1009 1760 1268 1805 permutetur
1290 1782 1302 1801 ,
1352 1765 1424 1793 ve-

156 1818 233 1858 luti
267 1830 363 1858 cum
400 1816 606 1858 schedulae
627 1847 640 1866 ‚
688 1815 855 1856 diuersis
889 1817 1070 1855 numeris
1104 1815 1304 1868 inscriptis
1355 1817 1422 1856 di-

158 1881 313 1922 stinctae
336 1912 347 1932 ,
390 1881 593 1922 succeffiue
629 1892 678 1920 cx
713 1892 813 1920 vrna
848 1878 1122 1919 extrahuntur
1144 1909 1156 1929 ,
1205 1889 1284 1916 vna
1336 1881 1423 1934 post

157 1946 324 1986 alteram
364 1956 483 1998 atque
517 1945 624 1997 leges
658 1955 908 1997 quaeruntur
942 1956 1018 1996 pro
1051 1942 1174 1982 variis
1213 1941 1304 1981 inde
1347 1957 1420 1984 na·

158 2012 209 2049 tis
243 2009 533 2048 mutationibus
566 2009 881 2049 determinandis
908 2039 919 2058 ,
951 2005 1097 2048 calculi
1132 2003 1422 2048 infinitefima-

157 2071 215 2113 les
247 2071 404 2112 vtiliter
437 2071 614 2114 adhiberi
650 2072 811 2126 poss'unt
844 2073 893 2113 ad
924 2071 1139 2123 negotium
1174 2069 1277 2111 istud
1328 2083 1422 2124 per·

1283 2132 1423 2176 ficien-
