2008 2735
511 207 601 248 310
725 191 825 237 DE
890 183 1578 232 ELECTRICITATE

506 311 720 355 fortiorem
743 340 754 360 ‚
788 308 897 355 (sunt
927 300 1025 344 haec
1057 303 1164 344 vitra
1198 303 1296 344 dura
1331 311 1447 357 atquc
1482 298 1661 356 fragilia)
1695 302 1770 342 alia

505 377 740 417 debiliorem
775 373 938 425 gignere
971 367 1287 408 elestricitatcm.
1353 369 1496 410 Suasor
1530 368 1664 418 itaque
1683 367 1771 406 sum

507 442 556 481 iis
577 473 589 493 ,
622 442 691 494 qui
724 436 906 490 generosa
943 433 1167 473 construere
1202 433 1373 487 cupiunt
1408 434 1633 473 barometra
1668 430 1774 471 luci-

507 507 554 546 da
578 537 588 556 ‚
623 516 670 545 vt
705 503 818 543 tubos
852 500 1138 542 barometricos
1163 528 1175 548 ,
1228 510 1326 551 quos
1360 498 1543 539 adhibere
1594 494 1740 535 mlum
1763 525 1773 540 ,

506 571 620 623 prius
649 575 834 616 tentent,
888 575 1033 618 eosque
1068 564 1277 616 praecipue
1311 560 1495 615 eligant,
1545 563 1585 601 in
1633 560 1775 614 quibus

504 634 640 675 frictio
674 641 715 672 et
748 631 857 673 facile
905 639 947 669 et
997 628 1145 668 fortem
1199 627 1386 681 producit
1436 625 1776 675 deurit-itatem,

507 708 759 752 caeterosque
791 694 1033 736 barometris
1066 691 1156 732 aliis
1177 723 1188 743 .,
1222 705 1241 731 a
1273 692 1414 745 quibus
1438 724 1448 743 ,
1505 701 1552 731 x't
1588 689 1743 730 luceant
1766 719 1777 740 ,

509 776 591 805 non
623 762 848 818 requiritur
869 790 882 813 ‚
910 756 1168 800 conficiendis
1202 757 1369 797 seruent.

663 861 693 910 §.
732 870 802 898 11.
835 857 908 898 Pet
941 855 1120 909 superius
1152 852 1333 907 exposita
1355 885 1366 903 ,
1421 852 1510 892 iure
1557 852 1779 905 supponere

510 926 677 979 quidem
712 922 921 976 possumus
944 950 955 970 ‚
1002 919 1184 960 fric'tione
1210 950 1220 969 ,
1269 931 1392 971 quam
1429 917 1622 957 columna
1670 927 1779 954 mer-

512 988 674 1029 curialis
726 985 955 1026 descendens
1005 991 1197 1031 exercet,
1249 981 1557 1022 electricitatem
1612 990 1696 1020 tam
1739 981 1778 1018 in

514 1053 610 1093 tubo
631 1082 642 1102 ,
677 1061 801 1103 quam
838 1049 877 1087 iu
917 1046 1121 1086 mercurio
1144 1076 1154 1095 ,
1191 1045 1389 1096 produci,
1429 1046 1483 1084 ast
1517 1044 1780 1084 determinari

513 1129 610 1158 curn
645 1113 886 1155 certitudine
932 1109 1116 1149 haetenus
1168 1120 1247 1147 non
1302 1107 1460 1161 potest,
1512 1107 1552 1145 iu
1605 1117 1779 1159 quonam

514 1182 683 1222 istorum
718 1187 941 1230 corporum
976 1171 1248 1214 accumulatio
1271 1202 1282 1220 ‚
1317 1174 1357 1212 iu
1390 1183 1568 1223 quonam
1607 1172 1784 1223 priuatio

514 1244 630 1285 fluidi
666 1241 843 1282 electrici
876 1239 1096 1289 contingat.
1197 1235 1284 1275 Etsi
1320 1234 1429 1275 enim
1455 1264 1466 1283 ,
1503 1243 1550 1272 vt
1583 1233 1683 1272 iufra
1715 1236 1783 1273 de-

515 1306 744 1349 monstrabo
766 1335 777 1355 ‚
831 1303 950 1343 tubus
984 1300 1288 1342 electricitatem
1311 1330 1322 1348 ,
1372 1309 1495 1348 quam
1525 1296 1575 1335 du
1609 1296 1690 1345 qu
1720 1299 1786 1337 vi-

515 1383 645 1413 tream
669 1401 680 1420 ‚
715 1367 967 1410 Francklinus
1004 1364 1220 1418 positiuam
1256 1358 1432 1415 appellat
1456 1392 1466 1409 ,
1508 1360 1752 1401 nanciscatur
1773 1392 1785 1413 ,

514 1449 641 1477 nemo
677 1443 810 1475 tamen
834 1463 846 1483 ,
896 1428 969 1470 nisi
1007 1427 1298 1482 hypothesibus
1332 1424 1528 1477 fingendis
1573 1426 1753 1466 adsuetus
1776 1457 1788 1478 ,

513 1514 609 1543 cum
643 1497 885 1541 certitudine
920 1494 1124 1535 affirmare
1160 1491 1349 1533 haetenus
1385 1491 1542 1542 potest,
1592 1502 1787 1531 accumu-

516 1565 593 1606 lari
632 1563 798 1618 proinde
830 1562 870 1600 in
905 1560 1002 1599 tubo
1036 1558 1250 1598 materiam
1274 1555 1516 1597 elem-icam.
1584 1554 1786 1610 Quicquid

518 1640 655 1671 autem
692 1627 814 1667 huius
847 1623 903 1663 rei
940 1623 989 1663 sit
1011 1653 1021 1672 ‚
1057 1625 1277 1676 supponere
1311 1631 1443 1661 tamen
1468 1651 1478 1669 ,
1536 1620 1640 1672 quasi
1679 1619 1786 1674 posi-

519 1696 604 1735 tiua
635 1703 705 1733 aut
739 1692 867 1732 vitrea
900 1687 1134 1729 clee‘tricitas
1164 1699 1207 1726 ea
1244 1686 1292 1726 sit
1313 1718 1323 1738 ,
1357 1696 1455 1738 quae
1491 1682 1530 1722 in
1564 1696 1788 1737 augmento

516 1757 723 1808 consistit,
757 1756 898 1810 placet.
965 1751 1163 1808 Quamuis
1197 1752 1307 1791 enim
1332 1781 1342 1800 ,
1389 1750 1488 1790 dum
1528 1746 1603 1792 hoc
1638 1752 1789 1804 suppo-

519 1838 573 1865 no
594 1856 604 1875 ,
639 1823 684 1862 ab
715 1832 850 1861 errore
884 1829 951 1858 me
982 1818 1163 1858 securum
1201 1829 1278 1857 non
1314 1815 1540 1854 existimem
1565 1845 1575 1858 ,
1619 1823 1752 1856 tamen
1773 1845 1786 1867 ‚

520 1889 546 1928 si
581 1888 786 1939 contingat
820 1881 1062 1937 aliquando,
1097 1894 1143 1924 vt
1177 1880 1304 1922 asserti
1337 1878 1456 1919 huius
1487 1877 1629 1920 fziliitas
1647 1880 1790 1920 omni-

521 1965 574 1991 no
605 1953 900 1991 demonstretur
922 1979 933 1998 ‚
983 1947 1175 1988 facillime
1211 1958 1298 1985 mea
1330 1943 1555 1998 explicandi
1607 1943 1785 1998 phaeno-

523 2029 639 2056 mena
678 2017 780 2055 ratio
801 2046 812 2063 ‚
845 2014 1086 2054 inuertcndo
1119 2009 1378 2053 solummodo
1414 2009 1620 2050 ratiocinia
1642 2039 1654 2058 ‚
1692 2009 1786 2061 qui-

520 2083 591 2125 bus
628 2082 714 2120 vius
749 2080 832 2120 sum
858 2109 869 2129 ‚
903 2079 950 2119 ad
986 2081 1119 2121 caium
1159 2076 1274 2116 istum
1309 2075 1487 2128 adaptari
1525 2075 1686 2129 poterit.

1651 2168 1779 2215 §.12-
