2008 2735
553 169 641 208 114
846 155 945 198 DE
1012 153 1501 199 DVRATIONE

546 272 647 312 dum
685 281 737 317 25
775 282 977 311 annorum
999 299 1012 318 ,
1055 267 1105 307 fic
1138 277 1185 308 vt
1216 267 1357 310 calculi
1392 269 1514 309 nostri
1552 270 1640 324 ipsis
1672 272 1802 313 obser-

547 334 775 375 vationibus
808 347 886 373 non
924 333 1028 375 male
1060 335 1312 376 conueniant.
1415 333 1538 373 Nunc
1576 347 1672 374 vcro
1722 350 1800 376 non

547 409 658 440 vacat
692 398 767 438 alia
801 399 905 450 apud
937 397 1111 438 diuersos
1146 399 1322 437 Antores
1356 398 1560 450 inquirere
1593 400 1802 451 exempla3

545 463 585 504 δι
622 463 691 515 qui
728 461 795 501 alii
835 462 933 501 istud
968 461 1117 511 negotii
1155 462 1193 500 iu
1230 462 1265 501 se
1295 461 1486 513 suscipere
1531 463 1658 502 velint
1681 493 1691 512 ‚
1743 462 1804 501 his

544 526 655 566 facile
687 525 765 563 erit
800 524 918 563 suum
952 524 1128 564 formare
1162 526 1362 565 iudicium
1386 556 1396 574 ‚
1450 528 1572 565 molo
1606 528 1804 566 memine-

544 590 627 629 rint
677 588 875 628 diuersam
926 586 1144 641 paululum
1195 588 1267 627 effe
1301 590 1339 627 in
1376 589 1542 629 diuersis
1574 591 1806 641 regionibus

543 652 838 694 mortalitatem
869 661 989 703 atque
1023 664 1097 704 pro
1133 650 1390 691 mortalitatis
1422 655 1547 703 gradu
1594 655 1805 695 increltere

542 727 612 757 aut
642 717 817 758 diminui
851 716 1215 757 matrimoniorum
1250 715 1519 757 durationem.

691 851 724 898 §-
765 859 835 897 13·
869 847 989 904 Quod
1025 846 1053 887 fi
1089 857 1196 888 nunc
1232 857 1354 901 porro
1386 844 1651 887 desideremus
1693 847 1806 888 sum·

541 923 651 953 mam
688 913 1054 953 matrimoniorum
1104 912 1145 950 in
1198 912 1390 961 ciuitate,
1443 924 1543 964 quae
1594 914 1805 952 annuatim

544 986 632 1022 500
672 976 933 1015 matrimonia
969 986 1071 1014 noua
1107 974 1263 1026 praebet
1285 1004 1297 1024 ,
1331 974 1646 1026 subsistentium,
1683 975 1808 1016 simul

538 1048 676 1079 autem
731 1039 980 1091 supponatur
1034 1049 1113 1076 non
1166 1036 1241 1075 alia
1293 1037 1482 1077 celebrari
1526 1040 1806 1087 matrimonia,

540 1115 664 1156 quam
703 1101 807 1142 inter
844 1102 1022 1155 personas
1066 1112 1120 1139 20
1158 1110 1278 1139 annos
1313 1110 1420 1139 natas
1443 1130 1454 1148 ‚
1492 1111 1569 1139 non
1606 1099 1713 1139 aliud
1748 1101 1806 1140 fa-

540 1166 729 1207 ciendum
784 1165 868 1215 est,
916 1176 1038 1218 quam
1092 1172 1138 1203 vt
1184 1163 1510 1216 multiplicemus
1544 1164 1802 1205 durationem

541 1230 716 1270 mediam
770 1240 975 1268 nouorum
1032 1227 1396 1268 matrimoniorum
1453 1238 1683 1266 annuorum
1736 1238 1807 1279 per

538 1305 764 1335 numerum
800 1292 952 1332 horum
989 1292 1355 1332 matrimoniorum
1379 1321 1389 1340 ,
1425 1290 1463 1328 id
1497 1290 1549 1329 est
1572 1319 1582 1339 ‚
1622 1290 1696 1337 23}
1737 1301 1808 1343 per

543 1368 657 1408 5003
694 1357 942 1412 productum
985 1367 1134 1403 11917
1172 1355 1276 1394 dabit
1309 1355 1511 1393 summam
1557 1352 1805 1406 quaesitam:

538 1421 633 1462 haec
665 1424 743 1461 erit
777 1422 936 1460 summa
968 1418 1160 1457 omnium
1197 1417 1560 1458 matrimoniorum
1605 1416 1808 1458 subsisten-

538 1487 674 1525 tium:
724 1486 883 1524 summa
937 1491 1074 1521 autem
1117 1482 1309 1521 omnium
1348 1483 1608 1534 personarum
1646 1482 1801 1523 foedere

536 1547 831 1589 matrimoniali
868 1545 1101 1586 iune'tarum
1136 1545 1215 1583 erit
1252 1550 1419 1593 23834..
1517 1544 1559 1584 Si
1596 1556 1693 1583 vero
1727 1543 1802 1583 alia

538 1620 712 1666 ponatur
749 1621 850 1650 aetas
885 1608 1050 1658 singulis
1085 1608 1200 1646 nouis
1252 1607 1486 1659 desponsatis
1538 1609 1772 1646 communis
1793 1638 1805 1659 ‚

537 1676 668 1715 eidem
703 1672 920 1727 quaestioni
959 1670 1147 1710 inseruiet
1183 1670 1321 1711 tabella
1362 1666 1599 1723 paragraphi
1640 1673 1804 1711 vndeci-

536 1739 628 1788 mi3
661 1738 739 1778 erit
773 1738 880 1777 enim
918 1735 1064 1788 vbique
1099 1745 1294 1774 numerus
1334 1734 1695 1774 matrimoniorum
1735 1748 1806 1774 an-

537 1813 717 1842 nuorum
753 1803 798 1842 ad
838 1802 1044 1841 summam
1082 1799 1270 1838 omnium
1307 1798 1668 1838 matrimoniorum
1713 1799 1804 1838 sub·

537 1866 762 1907 sistentium
814 1875 861 1905 vt
913 1872 1072 1916 tempus
1124 1863 1245 1901 vnius
1277 1862 1369 1901 anni
1403 1865 1448 1902 ati
1487 1872 1648 1913 tempus
1682 1861 1805 1902 dura-

541 1929 662 1969 tionis
696 1931 865 1980 mediae,
895 1927 1002 1981 quod
1036 1927 1076 1966 iu
1111 1925 1303 1965 columna
1338 1926 1498 1967 secunda
1534 1924 1696 1964 tabellae
1732 1939 1806 1967 no-

541 2002 674 2033 tatum
707 1995 767 2033 est.
845 1995 1042 2034 Ponamus
1077 1991 1208 2043 itaque
1239 1989 1393 2041 fingula
1431 1989 1691 2030 matrimonia
1725 1989 1804 2028 dif-

542 2057 634 2098 serti
669 2057 711 2097 in
746 2056 870 2097 finem
904 2054 1100 2107 trigesimi
1135 2055 1225 2095 anni
1249 2085 1259 2105 ‚
1309 2054 1512 2108 oportebit
1547 2066 1652 2093 nunc
1688 2051 1802 2091 mul-

1688 2114 1804 2170 tipli-
