2008 2735
578 168 691 223 ”3233
723 165 738 226 )
775 179 801 210 0
841 166 856 225 (
888 168 1006 221 &103⁴-
1368 183 1422 223 25

151 291 255 333 vnde
276 323 287 342 ,
325 290 406 329 siue
436 298 495 327 eas
531 284 604 340 ipsi
638 286 731 327 solis
763 282 986 338 superficiei
1008 316 1019 337 ‚
1057 281 1140 326 siue
1173 285 1428 342 atmosphae-

151 368 217 397 rae
255 365 412 396 tantum
462 350 580 392 solari
634 352 843 392 inhaerere
895 353 1143 403 statuamus,
1197 353 1321 394 solem
1381 355 1423 395 in

151 430 290 463 centro
323 418 540 470 systematis
575 416 792 469 planetarii
833 416 1096 458 immobilem
1145 417 1251 460 circa
1306 421 1425 460 suum

151 497 283 527 tamen
316 494 434 523 axem
472 490 592 522 motu
629 482 843 534 vertiginis
876 483 973 523 ferri
995 514 1006 534 ‚
1059 484 1167 537 quod
1216 493 1307 524 ante
1361 497 1425 525 ra-

145 551 255 591 tione
287 547 417 588 fuerat
451 547 644 587 assertum
667 577 678 598 ‚
728 547 815 600 ipso
846 547 925 589 iam
960 547 1067 587 sensu
1103 551 1178 590 iu'i't
1226 562 1426 602 compro-

145 614 298 656 batum.
394 612 639 667 Quanquam
704 623 801 653 vero
862 622 1002 653 motus
1055 613 1182 654 liuius
1235 616 1424 656 rotatorii

144 678 349 719 existentia
384 688 499 719 extra
534 677 707 721 dubium
743 676 866 731 posita
901 678 985 729 est;
1035 679 1116 732 ipsa
1151 690 1289 721 tamen
1325 691 1422 721 enm

143 742 360 785 definiendi
394 745 529 794 ratio,
583 755 686 797 quae
723 742 864 796 paffim
895 744 1002 797 apud
1040 745 1239 786 Auctores
1297 745 1423 785 tradi-

143 818 244 860 tur,
298 818 381 850 tam
414 810 467 851 est
502 807 863 861 complicatiffimis
905 808 1051 860 figuris
1101 811 1286 852 intricata
1313 841 1324 861 ,
1376 819 1424 852 vt

144 874 217 914 nisi
255 873 446 925 singulari
483 874 659 914 adhibita
693 873 995 924 imaginationis
1028 875 1072 914 vi
1130 887 1274 928 parum
1332 874 1423 918 inde

143 938 248 980 lucis
285 938 439 977 hauriri
477 939 581 990 posse
617 937 813 978 videatur.
916 937 1022 978 Rem
1061 940 1189 991 igitur
1241 939 1424 980 astrono-

143 1004 247 1043 miae
283 1002 519 1056 perfectioni
555 1002 739 1044 maxime
776 1000 1004 1055 proficuam
1037 1004 1165 1045 fecisse
1198 1001 1283 1045 Cei.
1330 1004 1423 1044 Au·

140 1067 230 1108 ἀοι·
257 1067 472 1108 censendus
506 1068 591 1119 est,
638 1069 707 1121 qui
743 1067 784 1106 in
823 1065 894 1108 hac
929 1066 1200 1110 dissertatione
1235 1069 1423 1121 grauissi-

141 1133 202 1174 mi
255 1130 378 1173 huius
428 1132 660 1184 argumenti
714 1130 1030 1185 explicationem
1083 1134 1131 1175 ab
1164 1134 1238 1175 isto
1273 1134 1420 1187 insigni

141 1198 409 1240 incommodo
443 1199 605 1254 penitus
639 1197 828 1239 liberauit
849 1229 860 1249 ‚
903 1200 1005 1240 dum
1042 1212 1120 1240 non
1157 1199 1298 1241 omnia
1331 1214 1422 1242 mo·

141 1263 193 1305 do
216 1294 228 1314 ‚
262 1275 364 1318 quae
397 1265 442 1305 ad
479 1265 700 1316 genuinam
737 1273 874 1306 motus
910 1263 1002 1304 solis
1036 1265 1227 1306 rotatorii
1279 1266 1424 1319 cogni-

141 1328 297 1370 tionem
335 1330 538 1381 pertinent
558 1362 570 1382 ,
605 1338 817 1371 momenta
849 1329 1025 1371 dilucide
1059 1329 1286 1385 explicauit
1312 1361 1324 1382 ‚
1358 1332 1421 1375 sed

145 1390 281 1444 ipsum
317 1403 476 1443 quoque
509 1406 584 1444 pro
619 1393 848 1434 definiendo
882 1394 974 1436 solis
1007 1395 1110 1437 circa
1143 1408 1263 1437 axem
1312 1405 1422 1436 tem-

144 1466 246 1508 pore
279 1456 483 1507 periodico
513 1455 717 1496 calculum
754 1456 856 1496 facili
888 1469 928 1498 et
965 1461 1170 1512 perspicua
1224 1460 1421 1502 methodo

121 1519 378 1572 ,expediuit3
428 1518 543 1558 cuius
587 1530 666 1572 ope
700 1518 729 1557 si
760 1519 898 1570 plures
933 1520 1118 1570 plurium
1156 1522 1415 1565 macularum

141 1582 434 1623 obseruationes
467 1582 535 1623 sub
567 1594 738 1624 examen
769 1592 1043 1634 reuocentur3
1084 1584 1131 1624 de
1165 1586 1251 1624 axis
1284 1586 1419 1628 solaris

141 1647 340 1701 positione
372 1658 412 1688 et
448 1649 675 1700 gyrationis
705 1645 910 1689 celeritate
943 1648 1191 1690 tutissimum
1226 1661 1279 1690 ex
1322 1652 1418 1704 plue

141 1712 252 1754 rium
286 1713 594 1756 conclusionum
628 1714 816 1757 consensu
849 1714 1050 1757 iudicium
1086 1715 1183 1758 ferri
1218 1717 1384 1772 poterit,

210 2165 330 2209 Tom.
342 2164 443 2208 XII.
456 2163 569 2208 Nou.
578 2163 747 2208 Comm·
941 2165 971 2207 d
1277 2160 1417 2204 PHY·
