2008 2735
226 202 310 246 DE
347 202 536 246 PROPR.
575 199 783 243 PLANT.
821 199 905 240 EX
938 197 1111 242 CHAR.
1148 200 1276 241 EOT.
1318 210 1405 248 523

137 330 183 359 vt
217 316 445 361 charac'tere
478 313 549 354 suo
578 313 620 353 in
655 312 759 355 illud
803 311 993 354 fundatur
1021 342 1031 361 ‚
1082 312 1203 366 inque
1251 313 1410 353 ordini·

134 385 206 424 bus
252 394 369 437 quam
438 378 621 419 maxime
688 378 937 420 naturalibus
1002 377 1172 421 difficile
1240 379 1408 430 proinde

136 447 220 498 fit,
254 457 397 500 genera
439 442 694 495 subalterna,
737 452 852 493 arte,
904 453 951 484 vt
1006 453 1142 495 puto,
1192 442 1290 483 sacta
1343 442 1410 481 lu-

134 512 314 555 culenter
345 508 611 561 dignoscendi.
684 509 925 562 Loquantur
958 509 1144 562 gramt'na
1170 539 1181 558 ,
1216 506 1411 547 vmbelli-

131 580 248 627 ferae,
280 575 438 630 plantae
472 573 638 614 floribus
671 574 825 615 labiatis
856 584 898 615 et
935 573 1151 627 personatis
1185 572 1413 623 instructae,

132 639 386 695 tetrapetalae
421 639 661 692 regulares,
694 637 943 691 compositae
966 668 978 688 ,
1020 637 1266 692 asperisoliae
1288 668 1301 688 ‚
1352 636 1413 676 le·

131 708 390 758 guminolae,
421 714 498 745 etc.
567 703 718 745 Nonne
748 703 998 753 ostendunt,
1029 713 1176 754 genera
1211 704 1252 744 in
1288 713 1412 755 gene-

130 783 173 811 ra
210 769 374 811 transire
397 799 408 818 ‚
460 769 604 822 species
635 769 677 809 in
708 765 886 821 species?
959 767 1108 807 [Nonne
1143 768 1186 808 in
1229 767 1280 806 iis
1332 771 1413 807 tre-

130 847 254 888 quens
290 834 518 876 obseruandi
553 832 706 876 occafio
738 832 891 883 datur,
941 832 996 872 ita
1035 833 1212 872 inuicem
1263 842 1412 883 genera

131 901 363 953 plantarum
400 897 596 939 naturalia
628 896 840 938 cohaerere
875 905 923 938 vt
956 908 1033 936 vna
1069 907 1162 937 nota
1205 893 1414 938 characte-

132 965 258 1005 ristica
296 965 333 1003 in
372 963 710 1017 propinquiffimo
744 963 913 1015 inciplat
938 991 950 1011 ,
1002 970 1044 1000 et
1081 962 1122 1000 in
1158 960 1288 1000 altero
1321 961 1412 1001 dein

128 1029 184 1069 ita
204 1030 246 1068 in
279 1026 531 1078 conspectum
570 1028 724 1077 veniat,
756 1037 805 1067 vt
840 1025 996 1065 limites
1013 1025 1222 1075 agnoscere
1241 1026 1414 1076 cogaris,

130 1104 229 1132 cum
265 1090 424 1144 sequens
457 1089 710 1130 adfinitatem
770 1090 973 1137 retineat,
1025 1086 1224 1143 aliterque
1275 1098 1412 1130 tamen

129 1157 284 1197 iterum
318 1155 621 1196 conformatum
669 1156 857 1206 adpareat
885 1184 896 1204 ,
948 1152 1143 1194 varietate
1197 1153 1321 1194 modo
1370 1154 1413 1194 in

130 1220 201 1261 hac
230 1251 240 1269 ‚
298 1219 424 1258 modo
473 1219 515 1257 in
566 1216 636 1258 illa
698 1218 854 1271 plantae
889 1225 1001 1270 parte
1034 1216 1069 1256 se
1105 1217 1376 1257 manifestante
1400 1246 1414 1268 ‚

134 1282 274 1338 prouti
330 1282 377 1322 de
428 1292 573 1332 genere
628 1283 669 1323 in
721 1281 993 1322 determinato
1042 1281 1185 1322 ordine
1234 1276 1415 1333 agitur?

134 1348 285 1391 Nonne
315 1346 522 1387 euidenter
573 1344 832 1388 concluditur
883 1344 1152 1387 vniuersalem
1210 1345 1414 1387 celebran-

135 1415 228 1454 dam
284 1413 366 1452 fore
416 1410 676 1453 harmoniam
740 1412 1041 1464 vinculumque
1099 1411 1204 1451 inter
1270 1422 1414 1452 omnes

135 1477 290 1533 plantas
323 1475 441 1517 nullo
474 1475 587 1518 hiatu
621 1477 903 1530 interruptum
930 1507 941 1526 ‚
995 1473 1023 1515 fi
1058 1487 1200 1515 omnes
1234 1484 1274 1516 et
1330 1475 1413 1516 fin·

133 1543 254 1595 gulae
287 1540 463 1582 detectae
484 1573 495 1593 ‚
547 1542 731 1594 cognitae
765 1551 804 1581 et
839 1539 1055 1583 secundum
1111 1540 1234 1593 ip‘am
1290 1550 1412 1581 natu-

134 1620 223 1648 ram
258 1605 486 1660 propofitae
518 1606 652 1649 effent.
739 1604 897 1647 Causlas
928 1606 1038 1645 faciei
1075 1602 1198 1644 huius
1241 1602 1413 1646 harmo-

134 1673 246 1712 nicae
296 1670 517 1724 cauffasque
568 1671 815 1713 differentiae
858 1682 937 1713 non
976 1670 1115 1710 minus
1151 1669 1412 1710 harmonicae

135 1737 326 1777 rimaturi
350 1767 361 1788 ,
413 1748 494 1777 non
550 1736 761 1790 possumus
797 1748 877 1777 non
913 1744 1106 1787 tanquam
1142 1733 1411 1788 principalem

136 1799 344 1853 agnoscere
373 1811 490 1854 eam,
521 1813 622 1854 quae
654 1815 676 1842 a
708 1799 797 1852 lege
831 1801 1011 1853 petitur,
1044 1799 1263 1839 secundum
1283 1811 1409 1852 quam

139 1864 348 1920 proposuit
398 1863 468 1907 fibi
521 1875 694 1916 natura,
745 1877 914 1919 corpora
964 1863 1185 1915 organisata
1238 1864 1376 1903 ownia
1401 1894 1413 1913 ,

138 1938 335 1983 quatenus
365 1929 461 1970 viua
494 1930 584 1971 sunt
607 1962 618 1982 ,
651 1943 695 1971 ea
726 1929 874 1972 scilicet
899 1960 911 1980 ,
953 1941 1054 1982 quae
1092 1929 1131 1969 in
1169 1926 1291 1985 glol'o
1327 1937 1413 1969 ter-

138 2005 289 2048 raqueo
321 1993 551 2049 versantur,
584 2006 624 2036 et
657 2007 709 2037 ex
744 1994 865 2036 insito
896 1994 1072 2048 quodam
1110 1992 1273 2034 actuoso
1293 1993 1412 2046 prin-

143 2059 255 2112 cipio
287 2058 421 2099 officia
457 2058 524 2099 sua
559 2052 790 2113 peragunt',
831 2060 885 2099 ita
920 2058 1120 2099 formandi
1148 2088 1161 2109 ‚
1201 2067 1246 2098 vt
1281 2058 1411 2110 quod-

142 2124 208 2165 vis
240 2133 385 2164 eorum
441 2123 488 2164 de
537 2124 727 2167 omnibus
778 2122 931 2175 aliquid
979 2121 1155 2177 habeat,
1205 2123 1413 2163 accedente

708 2187 747 2230 V
769 2198 796 2226 v
816 2199 842 2227 v
882 2199 907 2226 2
1302 2187 1408 2226 sem·
