2008 2735
381 149 702 196 RADIORVM
734 145 1282 193 DIVERSICOLORVM.
1374 158 1460 200 171

190 268 268 310 tlat
303 265 582 309 refractionem
604 296 617 318 ,
669 277 742 320 per
771 264 1054 319 experimenta
1087 266 1129 306 in
1163 264 1279 307 hunc
1334 263 1465 306 finem

190 334 373 375 instituta
405 330 566 373 definiri
598 340 794 385 oportet,
840 341 940 371 cum
975 330 1229 372 refractionis
1262 333 1465 385 quantitas

190 400 335 452 vtique
366 411 391 439 a
424 396 616 451 peculiari
657 397 856 450 cuiusque
907 396 1032 438 medii
1083 406 1227 438 natura
1281 399 1465 451 pendeat.

191 463 255 505 Ita
281 464 389 518 apud
420 462 620 503 Auctores
639 461 779 516 paffim
797 470 1022 503 occurrunt
1039 463 1344 515 experimenta,
1367 461 1465 515 qui·

191 529 264 570 bus
298 541 374 583 pro
406 527 530 570 variis
563 528 707 568 mediis
728 559 740 580 ,
775 527 816 568 in
851 538 952 581 quae
984 525 1084 567 radii
1102 538 1155 567 ex
1174 528 1266 567 a'e're
1288 527 1381 568 sunt
1402 527 1468 567 in·

191 592 363 634 tromissi
385 624 397 644 ‚
439 592 641 647 quantitas
673 591 924 633 refrac'tionis
957 591 1271 633 determinatur.
1371 588 1467 631 Ple-

186 669 366 711 rumque
395 667 535 698 autem
570 657 667 699 haec
700 658 983 712 experimenta
1018 665 1182 698 tantum
1232 655 1280 698 ad
1334 655 1467 697 radios

191 723 348 764 mediae
379 733 546 764 naturae
578 725 671 765 sunt
702 723 1010 765 accommodata
1032 753 1044 775 ,
1093 732 1224 776 neque
1258 721 1307 761 iis
1349 722 1467 774 quic-

188 799 317 841 quam
346 789 448 828 certi
481 801 558 841 pro
589 788 712 829 radiis
763 788 960 830 extremis
984 819 996 841 ,
1044 787 1177 828 rubris
1226 785 1376 828 scilicet
1425 795 1466 827 ct

191 851 384 894 violaceis
433 852 618 905 affignari
668 852 780 895 solet.
881 853 987 895 Hinc
1038 851 1216 905 quaestio
1269 850 1469 893 enascitur

190 918 366 958 maximi
402 919 640 967 momenti,
691 929 795 957 num
829 917 993 968 cognita
1028 915 1266 958 refractione
1300 916 1434 957 media
1457 947 1471 969 ‚
1522 966 1526 969 ,

187 981 290 1022 dum
322 981 424 1023 radii
457 993 510 1020 ex
545 991 788 1034 quocunque
821 980 960 1021 medio
991 979 1034 1018 in
1068 977 1180 1018 aliud
1236 979 1441 1021 transeunt
1461 1009 1475 1033 ‚

188 1045 334 1083 exinde
379 1055 452 1095 per
501 1053 656 1082 certam
704 1042 895 1096 regulam
947 1041 1207 1084 refratstiones
1257 1043 1380 1084 rubra
1427 1053 1468 1086 et

186 1106 367 1148 violacea
400 1104 563 1147 definiri
595 1107 785 1161 queant?
826 1106 1053 1164 Quaeritur
1085 1107 1268 1161 scilicet,
1319 1117 1468 1150 vttum

185 1171 276 1212 data
313 1170 554 1226 refractione
589 1173 724 1215 media
743 1206 756 1228 ‚
785 1183 890 1227 quae
920 1171 970 1214 fit
1003 1185 1088 1215 :m
1109 1187 1117 1214 :
1142 1186 1161 1213 1
1180 1204 1192 1226 ,
1223 1184 1276 1214 ex
1308 1184 1351 1214 ea
1387 1171 1467 1215 sola

186 1234 269 1276 sine
320 1235 413 1277 vllo
461 1235 642 1291 respec'tu
693 1238 741 1279 ad
788 1237 974 1292 ipsorum
1009 1238 1245 1279 mediorum
1280 1236 1464 1279 indolem

187 1297 350 1352 habito,
386 1306 473 1338 tam
508 1300 697 1342 refraCtio
728 1304 848 1345 rubra
881 1316 934 1344 r:
958 1315 976 1343 1
1015 1315 1142 1358 quam
1176 1299 1355 1343 violacea
1374 1313 1458 1344 vzx

186 1362 451 1405 determinari
486 1363 605 1417 poffit
631 1360 648 1402 ἒ
678 1376 728 1404 an
762 1379 864 1407 vero
898 1366 996 1407 haec
1031 1367 1319 1410 determinatio
1353 1366 1466 1407 insu·

186 1441 261 1482 per
319 1441 340 1469 a
401 1436 544 1468 natura
607 1428 840 1470 mediorum
899 1431 1203 1484 quodammodo
1263 1428 1466 1484 pendeat}

186 1491 400 1548 Quoniam
436 1491 504 1532 hic
538 1504 609 1546 per
644 1492 768 1534 solam
804 1492 1007 1535 rationem
1043 1494 1149 1535 nihil
1183 1494 1362 1537 decidere
1411 1495 1467 1537 li·

187 1566 252 1600 cet
272 1588 284 1608 ,
334 1566 563 1611 vtrumque
595 1556 730 1598 casum
764 1556 933 1599 sollicite
966 1557 1108 1600 euolui
1130 1590 1142 1611 ,
1192 1559 1364 1613 indeque
1399 1571 1467 1600 re-

188 1622 384 1663 lationem
407 1652 419 1671 ,
450 1634 551 1677 quae
587 1622 693 1662 inter
728 1621 983 1666 retractiones
1025 1624 1237 1675 mediam,
1297 1623 1466 1664 rubram

188 1699 232 1728 ac
268 1686 492 1728 violaceam
528 1687 772 1729 intercedere
806 1689 1013 1743 reperitur
1037 1720 1048 1740 ,
1099 1685 1236 1730 sedulo
1269 1687 1465 1742 perpendi

188 1753 432 1804 conueniet,
483 1761 532 1793 vt
582 1752 766 1807 deinceps
815 1753 1065 1807 experientia
1122 1750 1278 1794 consuli
1315 1751 1433 1806 possit
1455 1781 1467 1803 ,

189 1827 386 1871 quaenam
418 1816 660 1873 hypothesis
695 1818 860 1860 veritati
897 1818 1082 1860 maxime
1117 1816 1167 1859 fit
1195 1817 1466 1861 consentanea.

580 1923 937 2010 Hypothefis
1029 1949 1071 1985 1.

349 2025 418 2065 14.
450 2013 500 2056 In
536 2014 610 2057 hac
645 2016 867 2074 hypothesi
910 2017 1137 2067 statuatur,
1185 2011 1467 2056 refractionem

187 2077 357 2121 rubram
390 2089 430 2122 et
464 2079 690 2124 violaceam
724 2083 842 2123 vnice
876 2093 898 2121 a
929 2080 1165 2124 refractione
1200 2079 1332 2121 media
1360 2092 1463 2133 pen-

764 2146 807 2189 Y
846 2158 871 2186 2
1352 2144 1461 2199 dere,
