2008 2735
545 189 638 237 436
832 178 931 225 DE
997 176 1558 227 FORMATIONE

546 302 690 353 sugerit
725 299 992 341 obseruatores
1017 329 1027 348 ‚
1070 295 1298 350 intelligere
1333 300 1407 339 vix
1441 310 1598 354 queam.
1697 298 1813 341 Certe

546 367 705 407 nullam
740 364 862 404 aliam
894 364 945 402 ob
981 365 1136 402 caulam
1175 360 1251 404 hoc
1286 365 1437 405 fufium
1493 366 1566 404 effe
1620 364 1816 411 videtum

545 443 668 484 quam
700 430 804 483 quod
839 427 964 468 solam
999 438 1107 466 areae
1141 427 1394 479 superficiem
1449 429 1694 483 superiorem
1749 427 1815 468 vel

546 496 586 534 in
624 497 783 545 integro
816 490 995 540 vitello,
1047 489 1114 531 vel
1148 491 1189 530 in
1224 505 1311 533 area
1363 494 1520 534 exscissa
1542 525 1553 545 ,
1607 504 1817 545 nunquam

544 558 779 600 inferiorem
816 555 945 611 priori
981 555 1250 595 incubationis
1301 567 1488 612 tempore
1541 558 1818 599 consideraue-

544 623 637 664 rint.
737 622 858 678 Quod
891 620 1004 661 enim
1040 619 1068 659 fi
1103 619 1256 660 factum
1286 620 1412 673 effer,
1463 622 1572 663 bulla
1610 623 1676 662 issa
1709 633 1818 673 egre⁶

544 688 609 739 gia
644 687 710 727 sua
747 687 876 727 forma
906 684 1200 725 obseruatoretn
1225 714 1237 736 ‚
1285 689 1446 739 quaeuis
1479 686 1556 727 alia
1609 687 1819 740 inquiren-

544 761 628 793 tem
652 783 662 803 ,
718 752 814 792 adeo
856 747 1075 790 attraxisset
1099 780 1110 800 ,
1163 757 1210 788 vt
1244 750 1434 803 neglectis
1469 752 1656 792 omnibus
1693 749 1818 791 solam

543 816 649 857 hauc
683 815 836 858 bullam
882 812 1210 869 perquissuiffet‚
1261 827 1419 870 neque,
1474 817 1537 856 vti
1587 815 1675 855 fieri
1727 813 1823 854 solet

547 881 590 922 in
627 881 688 921 his
721 882 835 923 rebus
859 911 870 931 ,
904 877 1073 921 ceffaffet
1094 908 1105 929 ‚
1159 881 1256 932 quin
1293 882 1453 934 penitus
1488 891 1575 920 eam
1613 879 1823 932 perspexe—

547 947 605 987 rit
653 947 818 998 eiusque
870 943 1144 984 conditionem
1201 953 1242 982 et
1303 955 1489 986 naturam
1560 942 1820 984 intellexerit.

549 1011 750 1050 Attamen
802 1008 927 1046 fateor
978 1004 1082 1045 mhi
1137 1018 1297 1059 quoque
1352 1022 1441 1049 eam
1478 1021 1555 1048 non
1593 1009 1717 1048 visam
1750 1006 1823 1047 effe

550 1081 639 1112 ante
671 1082 824 1110 annum
868 1072 1013 1118 1764,
1046 1079 1141 1106 cum
1177 1070 1223 1108 ab
1273 1080 1379 1110 anno
1436 1082 1554 1119 1759
1608 1074 1690 1111 iam
1746 1083 1824 1111 oua

550 1133 851 1189 speculauiffem
877 1163 890 1184 ,
937 1143 1064 1186 neque
1117 1133 1168 1174 ob
1203 1132 1301 1174 hauc
1339 1133 1461 1174 lolam
1498 1135 1558 1174 scd
1592 1135 1687 1174 alias
1720 1146 1825 1187 quo«

551 1209 627 1253 que
661 1199 711 1238 ob
745 1198 875 1238 causas
909 1208 958 1235 eo
992 1207 1115 1249 vsque
1152 1208 1218 1235 me
1261 1198 1429 1237 latuisse.
1528 1198 1573 1237 Id
1625 1208 1825 1249 praeterea

552 1261 806 1302 reticendum
843 1272 923 1300 uon
958 1259 1042 1309 est,
1098 1262 1137 1299 in
1170 1258 1259 1299 aliis
1293 1259 1445 1300 bullam
1488 1258 1591 1298 hanc
1645 1260 1826 1299 ornatio*

550 1336 640 1367 rem
668 1356 678 1375 ‚
713 1324 840 1375 magis
874 1322 1053 1363 inflatam
1077 1352 1088 1373 ,
1122 1324 1343 1363 accuratius
1379 1323 1642 1373 delineatam,
1679 1324 1720 1363 in
1739 1323 1827 1364 aliis

552 1401 655 1430 vero
686 1389 893 1429 rudiorem
932 1386 1162 1437 interdum,
1215 1387 1444 1428 crassiorem
1479 1396 1519 1427 et
1561 1389 1695 1428 minus
1744 1388 1829 1429 ele-

554 1462 695 1495 vatam
729 1451 804 1494 effe
831 1451 1021 1491 subiectis
1090 1450 1306 1506 Praecipue
1342 1453 1384 1492 in
1415 1462 1555 1493 earum
1579 1451 1826 1504 gallinarum

552 1519 639 1560 ouis
665 1548 675 1568 ‚
724 1529 828 1571 quae
861 1514 1037 1567 anglicae
1071 1515 1203 1567 vulgo
1237 1517 1427 1558 dicuntur
1448 1548 1459 1568 ‚
1508 1525 1548 1556 et
1591 1516 1827 1568 vulgaribus

553 1583 726 1623 maiores
760 1583 884 1631 sunt,
935 1581 1126 1620 omnium
1162 1580 1447 1633 elegantiffima
1481 1580 1588 1620 bulla
1634 1591 1827 1633 apparere

551 1646 664 1687 solet.
734 1644 782 1686 In
817 1643 1018 1684 eiusmodi
1055 1655 1210 1697 quoque
1245 1647 1335 1686 ouis
1357 1678 1368 1698 ,
1418 1655 1516 1701 quae
1553 1645 1631 1698 ipfii
1666 1655 1828 1698 quoque

550 1709 785 1762 vulgaribus
818 1709 907 1750 ouis
966 1708 1156 1758 maiora,
1208 1720 1389 1752 ceterum
1443 1710 1572 1762 figura
1621 1709 1825 1760 oblonga,

555 1775 739 1827 vtrisque
770 1774 985 1815 verticibus
1020 1772 1135 1812 valde
1176 1776 1337 1828 acutis,
1387 1784 1427 1816 et
1473 1775 1552 1815 fere
1597 1772 1826 1827 aequalibus

553 1838 629 1881 effe
661 1837 820 1891 solent,
853 1837 971 1879 illam
1009 1837 1195 1892 primum
1231 1841 1374 1883 detexi.

691 1971 723 2019 §.
764 1980 838 2020 37.
872 1970 1116 2026 Quicunque
1152 1971 1376 2013 obseruator
1410 1971 1596 2011 amnium
1631 1969 1763 2023 ipsum
1785 1968 1828 2009 in

558 2032 696 2084 primo
731 2036 804 2074 suo
836 2046 930 2077 ortu
954 2068 964 2088 ‚
1020 2046 1088 2076 aut
1122 2037 1257 2077 diebus
1290 2035 1421 2076 saltim
1458 2037 1580 2075 tertio
1610 2044 1650 2075 et
1683 2042 1828 2087 quarto

555 2108 637 2137 non
675 2097 826 2138 viderit
849 2129 860 2150 ‚
913 2112 991 2155 pro
1024 2101 1164 2142 amulo
1197 2109 1301 2143 certe
1334 2099 1434 2140 hanc
1465 2100 1619 2141 bullam
1674 2096 1827 2148 accipe-

1726 2166 1785 2200 ret
1814 2186 1826 2208 ,
