2008 2735
391 173 588 217 MFDIA
631 171 1176 218 MATRIMONIORVM.
1321 187 1403 214 101

148 299 243 328 rum
298 301 319 326 2
378 287 575 327 mensium
600 316 611 334 ,
661 287 698 325 in
736 286 862 325 altero
894 287 983 325 sexu
1021 288 1074 327 est
1114 293 1166 327 28
1204 300 1407 327 annorum

146 366 241 393 cum
279 354 413 393 decem
452 350 674 400 mensibus-3
711 355 828 389 2003
870 352 1016 403 prioris
1049 351 1173 391 clanis
1206 353 1412 403 attingunt

146 429 300 457 annum
359 415 636 466 vigesimum,
690 415 728 453 in
783 414 903 454 altera
957 416 1067 455 clalle
1127 429 1261 464 2337.
1317 417 1411 456 hinc

148 492 344 521 numerus
397 479 665 519 foeminarum
718 479 939 518 constintzr
994 481 1149 532 superat
1187 493 1409 521 numerum

148 547 335 586 virorum
372 545 619 583 viuentium.
686 543 934 583 l-luiusnoji
967 545 1259 584 obieruationes
1285 575 1295 593 ‚
1332 545 1413 584 siue

147 611 191 649 ad
227 609 431 662 politicam
457 639 468 655 ,
520 607 603 646 siue
637 607 683 646 ad
741 608 984 648 medicinam
1039 609 1294 658 referantur,
1347 610 1412 649 sua

147 673 324 713 vtilitate
362 673 534 711 minime
569 681 733 712 carent:
775 672 873 725 quin
910 673 1028 724 longe
1062 672 1181 712 latius
1216 673 1306 712 vsus
1341 685 1412 714 eo-

144 749 240 777 rum
295 747 443 790 pateret
469 767 479 786 ,
530 736 556 775 si
590 738 704 776 omni
741 738 809 775 suo
847 748 1059 777 momento
1094 738 1411 790 ponder-arentur

147 803 273 855 iisque
308 802 413 841 reete
451 811 660 840 xtereutur
697 801 919 854 scriptores.

285 894 317 944 ξ.
358 908 395 934 2.
432 893 589 935 Praeter
625 894 776 935 tabulas
811 895 958 936 natales
990 905 1030 935 et
1067 893 1288 935 mortuui-es
1317 908 1417 938 con-

149 957 244 998 strui
284 971 444 1013 quoque
480 957 604 998 solent
641 959 959 999 matrimoniales
982 989 992 1007 ‚
1028 971 1128 1010 quae
1162 961 1207 999 ad
1240 971 1414 999 oscouo-

149 1025 275 1062 miam
333 1021 543 1075 politicam
602 1019 875 1061 illustrandam
913 1022 1152 1075 praeprimis
1187 1022 1415 1061 inscruiunt

147 1088 354 1139 magisque
389 1083 642 1133 instruimur,
679 1084 706 1125 sl
727 1087 949 1128 accuratius
967 1085 1258 1135 conderentur,
1290 1087 1414 1140 quip-

147 1160 194 1202 pe
225 1149 450 1203 optandum
487 1147 588 1190 foret
628 1161 704 1203 pro
760 1151 908 1204 quouis
960 1151 1193 1202 connubio,
1247 1160 1294 1190 vt
1346 1152 1419 1192 ad-

147 1213 253 1254 iecto
284 1225 458 1254 numero
491 1213 646 1254 arabico
682 1215 890 1269 Vtriusque
924 1215 1138 1269 desponsati
1174 1225 1277 1256 aetas
1311 1214 1414 1255 alio-

147 1287 225 1329 que
260 1289 433 1317 numero
468 1288 639 1318 romano
672 1278 915 1320 indicaretur
942 1309 953 1329 ‚
993 1290 1094 1319 num
1131 1280 1292 1332 nuptias
1329 1279 1415 1331 pri-

149 1351 232 1380 mas
268 1339 333 1380 vel
369 1341 548 1380 secundas
582 1350 650 1381 aut
686 1344 810 1384 etiam
847 1345 982 1384 tertias
1023 1343 1307 1386 celebrauerit(
1337 1353 1415 1382 nu-

150 1414 244 1458 ptus
295 1413 363 1443 aut
415 1412 550 1456 nupta.
647 1404 713 1444 Ex
766 1406 908 1447 tabulis
952 1405 1323 1450 matrimonialibus
1359 1408 1414 1446 ita

147 1467 319 1508 conditis
352 1467 512 1519 optime
548 1464 837 1520 intelliguntur
874 1472 914 1510 in
949 1471 1016 1510 ista
1069 1483 1110 1510 re
1160 1471 1418 1510 consuetudi-

147 1543 214 1570 nes
260 1532 298 1570 iu
333 1532 504 1571 diuersas
537 1541 672 1582 gentes
703 1533 952 1587 diuortiisque
985 1535 1100 1574 Vrbes
1134 1533 1384 1575 introductae
1404 1565 1416 1586 ‚

147 1605 247 1648 quae
294 1593 323 1633 fi
368 1596 503 1634 minus
537 1596 639 1634 forte
673 1606 768 1636 cum
806 1597 1076 1637 axiomatibus
1108 1597 1289 1649 politicis
1319 1610 1417 1638 con-

148 1658 312 1699 veniant
332 1689 344 1711 ‚
380 1660 598 1712 prudenter
632 1659 862 1714 oppugnari
895 1659 1067 1714 poffunt.

297 1756 330 1803 §-
386 1767 423 1804 3.
478 1756 822 1796 praememoratae
869 1754 1050 1807 triplices
1084 1753 1240 1796 tabulae
1273 1755 1416 1796 funda-

152 1818 344 1859 mentales
377 1819 470 1860 solis
503 1819 843 1860 obseruationibus
876 1819 1033 1859 auidius
1088 1832 1237 1870 magno
1286 1819 1419 1861 labore

152 1884 342 1934 congestis
390 1884 559 1926 formari
597 1894 780 1937 poterant
802 1917 812 1935 ‚
848 1895 916 1923 nec
950 1884 1063 1923 enim
1097 1883 1315 1936 quicquam
1353 1884 1420 1927 hic

155 1946 272 1986 iuuat
307 1950 473 1990 rationis
507 1950 626 1989 vsus:
663 1960 703 1989 at
734 1949 812 1989 dici
849 1961 928 1989 non
963 1947 1086 2002 potest
1110 1978 1121 1997 ,
1154 1949 1255 2001 quot
1289 1961 1419 1990 nouae

153 2012 342 2050 'veritates
375 2013 457 2054 solo
491 2014 706 2054 ratiocinio
745 2014 835 2054 inde
867 2012 958 2054 elici
1012 2011 1165 2064 possint.
1241 2013 1417 2054 Tabulae

153 2075 378 2118 mortuales
428 2090 500 2120 nos
542 2079 683 2120 docent
713 2108 724 2130 ‚
784 2077 894 2118 verbi
946 2080 1073 2132 gratia
1098 2108 1109 2129 ,
1158 2075 1417 2119 durationem

748 2140 790 2183 N
833 2152 856 2190 3
1239 2143 1417 2182 mediam
