2008 2735
368 175 446 217 ET
489 170 824 216 ORICHALCO
865 169 1237 216 MAGNETICO.
1344 181 1368 222 3
1380 175 1400 214 8
1411 183 1433 222 5

165 293 354 334 chalcum
386 289 497 329 enIm
528 298 583 328 ex
616 297 744 340 cupro
776 293 817 324 et
852 285 970 326 zinco
1007 283 1222 338 puriffimo
1260 285 1438 328 elabora-

164 370 255 400 tum
293 354 454 398 nullum
491 354 684 393 monstrat
721 351 1058 402 magnetismum.

320 433 362 489 2)
397 432 492 488 Quo
527 433 657 484 magis
693 430 795 485 lapis
830 430 1083 474 calaminaris
1105 461 1117 482 ‚
1150 430 1318 474 Cadmia
1354 432 1439 472 for-

165 513 310 541 nacum
333 530 343 548 ‚
380 497 668 549 Pseudogalena
691 527 701 547 ‚
738 497 916 549 partibus
952 495 1203 538 martialibus
1237 496 1439 537 abundant

162 578 212 606 eo
249 564 376 605 maior
408 573 448 603 et
483 561 630 602 fortior
665 564 960 615 magnetismus
993 563 1035 602 in
1071 560 1292 603 Orichalco
1338 571 1438 602 cum

162 632 217 670 eis
251 639 390 684 parato
421 637 586 681 apparet

315 703 356 757 3)
392 704 483 759 Quo
515 706 656 746 fortius
688 717 850 759 quoquc
868 714 909 745 et
931 704 1083 745 diutius
1103 700 1254 758 lapides
1271 701 1439 745 calami-

162 781 273 810 nares
323 781 419 809 cum
475 769 679 822 Phlogisto
730 769 797 810 vel
830 769 974 823 absque
1013 782 1063 811 eo
1097 770 1373 820 calcinantur,
1409 771 1437 811 sl

164 845 324 875 tantum
380 834 619 875 vitrificatio
667 834 697 882 ξ.
753 845 794 883 7.
830 848 870 883 4.
908 836 1088 875 euitctur
1111 863 1124 884 ,
1156 847 1204 876 co
1233 836 1436 876 maiorem

162 901 375 952 acquirunt
413 901 747 951 magnetismum.
784 899 877 939 Vid.
915 900 1067 950 Exper.
1110 911 1143 938 1.
1183 911 1219 939 2.
1261 909 1301 944 3.
1324 913 1367 948 4.
1395 912 1437 948 9.

165 976 235 1003 10.
279 975 346 1002 12.
391 974 460 1010 15.
502 974 571 1010 17.
613 974 682 1010 23.
722 975 792 1010 24.
831 974 903 1010 29.
944 973 1015 1010 31.
1073 963 1279 1003 Accedunt
1330 974 1438 1015 quo·

159 1040 237 1081 que
271 1027 470 1079 sequentia
507 1025 627 1066 huius
661 1024 812 1066 theteos
847 1025 1102 1067 testimonia:

313 1103 353 1160 α)
407 1108 528 1163 Lapis
579 1107 836 1149 camminatis
885 1109 1072 1150 obscurae
1124 1108 1250 1150 fuscus
1312 1108 1439 1148 durus

157 1172 468 1213 Tarnouicenfis
502 1173 720 1214 fortissimo
754 1174 845 1225 igne
878 1184 969 1214 ante
1002 1173 1116 1216 folles
1151 1175 1259 1214 inter
1301 1172 1440 1214 carbo-

159 1249 226 1276 nes
262 1237 495 1276 immediate
533 1237 572 1276 in
609 1239 770 1278 vitrum
804 1238 999 1280 conflatus
1041 1251 1062 1279 a
1118 1247 1307 1290 magnete
1363 1237 1438 1277 vix

158 1313 200 1342 ac
233 1312 281 1341 ne
310 1301 383 1341 vix
414 1301 583 1355 quidem
619 1303 812 1355 tangitur.

297 1375 342 1434 β)
377 1379 494 1420 Idem
548 1377 650 1434 lapis
701 1379 955 1421 calummaris
1006 1382 1048 1422 in
1100 1380 1314 1422 crucibulo
1365 1392 1437 1435 per

159 1442 272 1485 folles
311 1449 415 1492 376.
451 1445 607 1485 vicibus
642 1455 778 1486 motos
808 1445 1049 1497 efficiamus,
1081 1457 1134 1485 ex
1186 1448 1304 1487 vncia
1355 1457 1435 1486 vna

158 1508 367 1553 drachmis
415 1509 565 1550 duabus
612 1510 801 1563 scrupulo
862 1524 970 1562 vno,
1018 1510 1180 1551 vnciam
1220 1511 1437 1551 dimidiam

158 1574 332 1628 scrupul.
359 1569 389 1628 j.
424 1575 609 1628 perdidit.
676 1574 804 1617 Color
836 1577 952 1628 niger
985 1574 1233 1628 scoriaceu53
1269 1586 1439 1628 magne-

160 1640 307 1680 tismus
342 1639 731 1682 vehementissimus.

315 1718 370 1775 Ὺ)
406 1721 522 1764 Idem
558 1721 661 1777 lapis
693 1720 949 1763 calaminaris
988 1733 1089 1764 200.
1133 1719 1298 1761 follium
1353 1722 1434 1763 suf-

161 1782 342 1825 nationes
392 1797 584 1841 expertus
638 1788 728 1829 satis
775 1787 1060 1840 magneticus‚
1109 1785 1244 1839 priori
1298 1795 1435 1828 tamen

160 1847 328 1890 debilior
361 1849 497 1893 euasit.

312 1923 353 1980 δ)
389 1930 502 1972 Idem
541 1932 640 1988 lapis
673 1929 928 1973 calaminaris
965 1942 1067 1971 τεο.
1103 1928 1267 1971 Μὶίωῃ
1317 1926 1435 1970 affla-

163 1993 290 2034 tiones
326 1995 510 2036 sustinens
540 2029 551 2051 ,
580 1997 751 2040 debilior
793 1997 973 2052 respectu
1011 1995 1274 2050 magnetismi
1305 1994 1438 2036 obsta·-

164 2069 296 2099 vatur.

226 2146 348 2188 Tom.
362 2150 463 2192 XII.
477 2149 766 2195 Nou.Comm.
922 2148 957 2194 C
975 2164 994 2193 c
1015 2164 1038 2194 c
1304 2144 1335 2204 t)
1357 2147 1437 2190 La·
