2008 2735
520 150 607 188 ¹30
722 134 824 178 DE
875 130 1255 176 CALCVLO
1311 130 1573 175 MOTVS

516 250 720 293 calculum
754 250 1015 301 ingerantur3
1051 247 1210 288 mirum
1246 245 1332 286 sane
1384 257 1462 286 non
1515 244 1567 285 est
1589 276 1599 296 ‚
1653 248 1783 288 maxi-

520 329 632 357 mam
668 314 760 354 hinc
797 312 1024 354 molestiam
1056 321 1096 352 et
1140 310 1411 350 confusionem
1465 309 1563 348 oriri
1615 309 1783 363 debere,

519 382 586 421 cui
621 379 827 419 euitandae
861 376 969 417 aliud
1012 377 1242 416 remedium
1297 387 1374 414 non
1428 372 1618 426 superesse
1671 376 1784 416 vide-

521 456 588 485 tur
616 475 627 495 ‚
662 443 734 484 nisi
768 452 813 482 vt
847 442 986 481 omnia
1017 439 1217 481 elementa
1251 438 1421 478 sollicite
1461 439 1757 490 distinguantur
1779 469 1790 490 ‚

520 520 560 549 et
595 507 772 560 singulae
804 506 1056 558 operationes
1091 505 1146 544 ita
1182 504 1466 551 instituantur,
1500 513 1546 543 vt
1570 505 1608 543 in
1630 516 1692 543 eas
1710 517 1788 544 non

519 573 639 626 plura
675 569 946 610 admittantur
980 567 1178 609 clementa
1200 600 1211 619 ‚
1266 581 1389 621 quam
1425 568 1465 606 in
1501 579 1588 607 eam
1626 567 1792 607 necessa⁴

521 637 585 676 rio
620 635 917 689 ingrediuntur.
1001 631 1063 672 Ita
1096 633 1205 673 enim
1258 632 1585 672 commodiffime
1636 633 1791 672 cauebi-

522 711 591 740 tur
616 731 627 749 ‚
678 710 727 738 ne
779 699 949 738 attentio
993 697 1122 738 nostra
1153 697 1280 738 nimia
1313 695 1611 736 elementorum
1649 695 1793 737 multi-

525 764 665 806 tudine
696 762 909 805 obruatur.

1133 858 1187 901 11.

680 950 898 1003 Praecipua
940 951 1105 1005 quidem
1162 950 1286 991 huius
1338 949 1657 1003 inuestigationis
1709 959 1798 1004 pars

529 1017 577 1059 ad
610 1015 889 1056 mechanicam
923 1016 978 1055 est
1011 1015 1211 1054 referenda
1231 1046 1243 1064 ‚
1288 1026 1385 1054 cum
1423 1025 1559 1054 motus
1592 1015 1802 1067 perturba-

531 1083 591 1121 tio
641 1091 692 1119 ex
746 1078 903 1120 viribus
936 1077 1119 1130 corporis
1156 1077 1426 1132 perturbantis
1460 1076 1508 1116 sit
1549 1076 1802 1125 definitnda3

532 1143 730 1199 principia
765 1152 902 1182 autem
939 1140 1169 1182 mechanica
1204 1141 1257 1181 ita
1293 1142 1383 1180 sunt
1437 1151 1667 1192 comparata
1691 1170 1706 1189 ,
1755 1147 1802 1178 vt

530 1220 582 1248 ex
616 1208 664 1247 iis
698 1205 808 1245 locus
841 1206 1048 1259 corporis,
1101 1205 1219 1242 cuius
1277 1211 1413 1243 motus
1463 1204 1672 1254 quaeritur
1697 1231 1708 1251 ‚
1756 1202 1805 1240 ad

531 1271 706 1325 quoduis
739 1278 900 1322 tempus
937 1281 1006 1322 per
1041 1277 1171 1307 ternas
1204 1267 1454 1308 coordinatus
1495 1265 1672 1306 inuicem
1709 1275 1807 1303 nor·

534 1334 662 1376 males
710 1332 1035 1373 commodiffime
1084 1332 1414 1381 determinetur3
1477 1341 1623 1370 verum
1684 1327 1806 1368 altera

534 1411 625 1454 pars
660 1397 768 1438 haud
800 1395 998 1437 leuiorem
1032 1396 1314 1437 euolutionem
1350 1394 1523 1448 requirit
1548 1425 1559 1446 ,
1610 1405 1687 1448 qua
1745 1392 1811 1433 10·

534 1475 606 1502 cus
640 1463 682 1503 in
722 1461 848 1514 priori
887 1470 999 1515 parte
1034 1459 1227 1500 definitus
1261 1460 1308 1500 ad
1361 1471 1520 1500 morem
1570 1459 1611 1498 in
1668 1456 1811 1498 Astro-

537 1528 676 1570 nomia
709 1534 919 1578 receptum
956 1525 1093 1565 reduci
1126 1526 1239 1566 debet
1261 1555 1271 1575 ,
1323 1536 1407 1578 quo
1454 1522 1604 1563 scilicet
1655 1518 1808 1559 diuersa

539 1591 644 1633 coeli
679 1588 766 1630 loca
801 1600 871 1641 per
905 1587 1207 1638 longitudinem
1242 1598 1282 1627 et
1316 1586 1576 1627 latitudinem
1626 1581 1808 1637 exprimi

539 1655 680 1696 solent.
779 1652 917 1705 Atque
969 1650 1067 1691 hanc
1118 1652 1378 1705 posteriorem
1434 1661 1622 1704 partem,
1685 1657 1811 1700 quam

541 1717 837 1771 geometricam
870 1715 1071 1769 appellare
1105 1715 1199 1756 licet
1222 1747 1232 1767 ,
1282 1715 1404 1768 probe
1438 1712 1627 1764 distingui
1662 1721 1810 1752 conue-

543 1783 605 1823 nit
640 1795 661 1822 a
697 1781 858 1835 priori,
909 1791 1011 1832 quae
1045 1788 1129 1820 tota
1186 1778 1436 1819 mechanicae
1489 1779 1542 1819 est
1593 1774 1801 1816 tribuenda

543 1846 766 1888 Obseruaui
818 1852 980 1895 autem,
1016 1841 1085 1885 has
1117 1844 1212 1884 duas
1254 1853 1383 1898 partes
1416 1855 1494 1883 non
1530 1841 1663 1883 solum
1698 1851 1813 1879 com-

547 1910 668 1951 mode
700 1923 721 1949 a
757 1910 792 1948 se
827 1908 1003 1950 inuicem
1051 1908 1252 1962 separari,
1306 1908 1365 1948 sed
1418 1909 1542 1948 etiam
1595 1914 1813 1959 Vtramque

548 1984 641 2015 tum
678 1972 813 2013 multo
849 1973 1021 2015 faciliori
1055 1975 1218 2025 negotio
1254 1971 1486 2027 pertrastari
1524 1969 1652 2027 poffe,
1688 1977 1812 2022 quam

546 2037 580 2083 fi
612 2037 742 2079 ambas
773 2037 1026 2081 coniunffim
1060 2038 1248 2095 expedire
1297 2036 1509 2079 vellemus.
1610 2031 1809 2090 Quamuis

1676 2104 1813 2136 autem
