2008 2735
528 140 612 176 118
813 131 913 175 DE
979 126 1479 172 DVRATIONE

521 259 590 287 rus
622 246 839 287 viduarum
874 245 1135 299 superstitum
1169 251 1350 282 :t-x.
1433 241 1506 283 His
1540 240 1594 282 ita
1628 243 1778 286 consti-

522 313 622 352 tutis
671 310 1035 351 demonstrauimus
1086 309 1126 347 in
1178 307 1258 347 fine
1325 305 1562 360 paragraphi
1621 308 1780 362 septimi

520 375 745 429 speciminis
779 374 900 414 nostri
935 372 1229 427 praeliminaris
1261 370 1307 410 de
1339 370 1402 426 vsu
1437 368 1652 423 algorithmi
1694 371 1782 421 irfi-

524 445 738 499 nitcfimalzr
772 447 810 484 in
840 453 928 484 arte
961 443 1186 485 consonandi
1209 473 1221 494 ‚
1268 445 1351 484 fore
1397 431 1550 494 xzz‘T'.
1629 439 1784 491 Cogni-

523 511 574 549 tis
627 512 760 561 itaque
809 516 879 546 aut
928 507 1030 546 datis
1083 508 1267 547 numeris
1319 521 1340 547 s
1390 516 1430 546 et
1471 515 1488 546 t
1530 506 1784 546 innotescunt

525 573 676 613 omnia.

672 634 782 675 Patet
817 634 932 685 inde,
965 646 1047 675 non
1087 633 1229 674 necesse
1262 634 1337 675 effe
1358 665 1369 686 ‚
1403 643 1450 675 vt
1481 631 1630 673 directe
1678 632 1786 672 ratio

523 699 714 742 habeatur
748 698 922 738 diuersae
956 700 997 738 in
1030 698 1187 740 diuerso
1219 699 1312 740 sexu
1348 699 1606 738 mortalitatis
1629 727 1640 746 ,
1687 707 1788 750 quae

526 764 571 804 ab
605 764 746 804 aetatis
775 761 1004 803 diuersitate
1055 765 1220 812 oritur;
1271 762 1472 815 implicite
1523 771 1657 801 tamen
1711 760 1789 800 hoc

524 827 677 868 fastum
729 827 840 867 fuisse
892 838 1014 866 nemo
1046 839 1126 866 nou
1169 827 1283 867 videt
1313 837 1363 864 ex
1397 836 1470 875 eo,
1504 825 1612 877 quod
1646 821 1791 863 relatio

525 892 774 945 supponatur
809 893 914 931 inter
973 901 1162 930 numeros
1213 903 1233 929 s
1283 898 1322 928 et
1374 897 1415 939 t,
1467 900 1567 941 quae
1620 886 1791 926 diuersas

527 955 796 995 mortalitates
830 952 1037 994 necessario
1069 952 1270 993 inuoluit:
1303 954 1400 1005 quin
1437 950 1613 992 formula
1648 952 1793 1001 nostra,

526 1019 717 1071 quamuis
767 1015 1054 1068 simplicissima
1076 1047 1087 1066 ‚
1139 1017 1191 1055 ita
1227 1015 1281 1054 est
1313 1014 1508 1065 generalis
1537 1046 1548 1064 ,
1592 1024 1637 1052 vt
1669 1012 1793 1054 simul

527 1083 651 1121 etiam
687 1080 792 1120 ratio
825 1078 956 1119 haberi
992 1079 1107 1132 possit
1149 1078 1314 1119 alterius
1368 1076 1628 1116 mortalitatis
1679 1077 1793 1116 diffe-

527 1146 701 1197 rentiae,
733 1156 833 1198 quae
867 1157 889 1184 a
921 1142 1149 1183 diuersitate
1184 1142 1296 1182 sexus
1329 1141 1532 1191 originem
1565 1139 1675 1179 ducit
1697 1172 1707 1189 ,
1743 1139 1795 1180 si·

529 1210 694 1262 quidem
730 1221 809 1249 non
840 1207 1027 1248 deficiant
1060 1205 1214 1247 tabulae
1251 1204 1471 1246 mortu-ales
1495 1234 1506 1253 ‚
1553 1203 1695 1254 quibus
1730 1204 1796 1241 vi-

536 1275 570 1313 ri
605 1285 626 1312 a
661 1271 847 1313 foeminis
884 1270 960 1311 sint
993 1270 1182 1311 distincti.
1261 1270 1319 1309 Vt
1354 1280 1454 1307 vero
1489 1277 1611 1319 porro
1646 1263 1797 1306 tabulas

531 1335 757 1377 Halleianas
791 1334 975 1375 adhibere
1011 1335 1204 1387 possimus
1226 1363 1237 1381 ‚
1289 1331 1412 1371 solam
1446 1328 1561 1369 illam
1609 1328 1798 1369 mortalia

531 1400 623 1440 tatis
670 1398 947 1440 diuersitatem
1002 1396 1372 1443 considerabimus,
1423 1405 1523 1446 quae
1574 1392 1794 1432 diuerfitati

531 1463 670 1503 aetatis
703 1463 865 1502 debetur
886 1493 898 1513 ‚
954 1462 1062 1514 quod
1096 1461 1203 1500 idem
1234 1459 1398 1498 fecimus
1430 1469 1526 1496 cum
1559 1458 1607 1497 de
1654 1458 1796 1497 matri-

534 1527 684 1567 moniis
713 1516 824 1566 'inter
858 1525 1048 1576 coniuges
1081 1523 1313 1566 communis
1347 1522 1482 1560 aetatis
1518 1521 1707 1570 egimus:
1746 1519 1796 1558 sic

535 1598 648 1629 tanto
703 1588 850 1628 melius
905 1588 1081 1627 diuersae
1118 1587 1480 1627 matrimoniorum
1514 1583 1657 1636 species
1692 1584 1795 1623 inter

533 1654 570 1694 se
604 1650 832 1704 comparari
865 1659 1066 1704 poterunt.

688 1716 720 1763 §.
779 1724 848 1763 ¹7·
900 1713 1082 1767 Superest
1129 1722 1176 1752 vt
1230 1711 1400 1751 modum
1434 1710 1665 1758 ostendam,
1716 1723 1798 1762 quo

538 1780 658 1821 altera
715 1777 846 1818 tabula
897 1777 1042 1817 similis
1093 1774 1191 1827 illi,
1243 1787 1365 1828 quam
1405 1773 1653 1828 paragrapho
1688 1773 1799 1814 sexto

535 1844 757 1892 subiunxi,
806 1842 980 1882 construi
1032 1840 1146 1894 poffit
1204 1852 1278 1893 pro
1327 1839 1522 1891 inaequali
1573 1838 1797 1889 coniugum

538 1918 693 1955 aetate3
745 1906 932 1958 equidem
968 1905 1131 1959 quaenis
1166 1905 1375 1955 vtrinsqne
1406 1903 1541 1942 aetatis
1576 1901 1798 1942 differentia

540 1984 698 2011 nouum
736 1970 906 2023 postulat
938 1969 1171 2016 calculum;
1207 1968 1372 2008 fiifficiet
1404 1977 1537 2006 tamen
1573 1977 1643 2018 per
1676 1967 1796 2017 quin-

539 2036 706 2087 quennia
760 2034 816 2075 ire
838 2066 849 2087 ⁷
899 2035 991 2089 quia
1026 2030 1353 2088 interpolationes
1388 2031 1507 2073 status
1541 2029 1799 2071 intermedios

1710 2092 1799 2134 satis
