2008 2735
365 195 1204 244 INTESTINORVM.
1323 197 1415 248 483

144 316 400 360 membranae
449 312 618 356 crassitie
670 311 865 368 vtrinque
915 311 962 353 ad
1016 311 1173 367 spinam
1222 310 1422 353 dorsalem

141 382 348 433 consistit,
402 380 565 432 efficit,
616 387 664 419 vt
693 410 704 431 ,
751 390 850 419 cum
900 378 1033 433 spinae
1081 376 1308 432 superficies
1343 375 1426 431 ipsa

144 447 358 502 depreffior
391 445 442 488 sit
462 477 474 499 ,
506 454 548 486 et
581 454 744 487 maneat
763 477 775 500 ,
809 444 852 486 in
884 456 930 485 ea
964 443 1080 485 fouea
1103 474 1114 496 ,
1146 442 1242 486 licet
1277 443 1427 495 leuior,

143 515 310 556 oriatur.

292 579 323 628 §.
359 589 433 628 94.
488 575 707 618 Eiusmodi
758 587 858 629 ergo
907 574 1040 628 spinae
1096 571 1259 615 dorsalis
1293 571 1424 614 leuior
1447 572 1594 611 Historia

143 643 342 698 depressio
381 643 646 698 partiumque
699 641 931 684 lateralium
977 637 1184 691 denario,
1236 651 1257 680 a
1312 649 1423 679 mera
1447 637 1635 696 aperturae.

145 709 403 750 membranae
438 707 710 749 incraffationc
741 707 838 748 faeta
860 738 870 758 ‚
904 716 983 746 vna
1014 716 1111 746 cum
1146 703 1424 745 adumbratio·
1447 678 1637 764 {Enfguidsoe

143 787 194 816 ne
227 773 358 814 bullae
393 771 516 828 ipsius
551 774 690 826 primo
724 773 806 813 iam
847 771 911 813 die
959 779 1125 823 apparet
1147 799 1158 820 ,
1207 779 1249 811 et
1298 767 1425 810 simili
1449 779 1614 827 impreffio

146 850 246 891 ergo
298 838 454 889 modo,
508 839 571 879 vti
623 839 665 880 in
717 835 823 879 bulla
880 835 1136 891 producenda
1171 834 1321 876 fac‘tum
1353 832 1426 875 esse
1450 830 1625 887 longitudi—

147 904 364 953 vidimus,
427 913 637 958 aperturae
685 903 814 944 amuii
866 904 1022 942 futurae
1075 899 1426 944 adumbrationem
1451 882 1544 919 ‘¹³¹5‘

146 969 324 1024 aliquam
344 968 412 1009 vel
447 969 673 1020 imaginem
706 967 937 1020 exprimit,
980 975 1180 1018 veraeque
1211 963 1274 1004 illi
1307 976 1426 1018 aper-

146 1043 261 1075 turae
297 1033 540 1085 praemittit.
606 1031 655 1073 In
689 1031 815 1084 specie
845 1042 945 1072 vero
978 1028 1140 1069 foueam
1174 1029 1391 1071 cardiacam
1417 1057 1429 1080 ,

146 1097 374 1138 dummodo
424 1093 640 1149 quaesiui,
690 1106 900 1149 nunquam
957 1104 1038 1134 non
1091 1091 1204 1135 facile
1256 1093 1427 1145 inueni,

144 1174 241 1202 cum
275 1158 442 1201 nullum
478 1169 612 1201 tamen
645 1159 693 1200 de
728 1161 848 1201 corde
890 1157 1106 1208 vestigium
1158 1166 1229 1200 aut
1281 1158 1426 1200 vmbra

145 1226 288 1267 adesset
323 1226 364 1264 in
398 1236 448 1263 eo
480 1224 573 1263 loco
596 1253 607 1273 ,
658 1223 726 1263 vbi
747 1253 758 1273 ,
808 1222 838 1262 fi
872 1222 1010 1263 existit
1033 1252 1044 1272 ,
1098 1223 1264 1262 existere
1321 1221 1427 1262 illud

145 1297 321 1343 oportet.
425 1287 560 1340 ltaqu:
609 1287 745 1341 prima
789 1285 883 1329 haec
918 1284 1134 1327 ventriculi
1171 1286 1428 1328 adumbratio

148 1356 254 1401 inter
288 1352 422 1405 prima
458 1352 693 1402 embryouis
727 1351 891 1392 stamina
942 1360 1140 1406 apparet,
1191 1360 1232 1391 et
1283 1350 1427 1392 distin·

149 1419 254 1460 ftior
287 1418 454 1471 quidem
479 1448 490 1468 ,
542 1430 666 1471 quam
702 1416 856 1470 reliqua
889 1418 1017 1457 amuii
1053 1415 1178 1469 spurii
1225 1427 1424 1467 apertura.

150 1485 322 1526 Limbus
373 1482 485 1523 enim
510 1512 520 1532 ‚
570 1495 653 1534 quo
694 1483 756 1523 dic
792 1482 914 1522 tertio
948 1481 1060 1522 souea
1095 1480 1270 1521 cardine-,1
1306 1492 1426 1521 orna-

151 1559 220 1590 tur
241 1580 253 1599 ,
283 1560 360 1588 non
398 1549 524 1588 modo
556 1547 656 1587 adest
676 1578 686 1597 ,
718 1547 779 1587 sed
810 1549 889 1588 fere
918 1546 1079 1587 craffior
1109 1554 1150 1585 et
1184 1545 1427 1594 euidentior,

151 1627 276 1668 quim
311 1612 385 1654 iilo
418 1612 482 1653 die
518 1622 682 1667 apparet
704 1641 717 1663 ,
766 1621 807 1651 et
843 1611 974 1662 magis
1018 1610 1259 1663 prominet,
1310 1610 1429 1650 adeo-

151 1691 229 1733 que
263 1679 419 1721 foueam
442 1709 452 1729 ‚
500 1680 562 1718 {eu
596 1676 806 1720 orificium
840 1674 960 1733 quale
996 1687 1104 1716 nunc
1138 1675 1191 1717 est
1213 1705 1224 1724 ,
1276 1674 1429 1715 cardia-

154 1757 248 1785 cum
283 1745 370 1784 satis
422 1743 586 1785 euidens
638 1744 779 1785 reddit.
883 1742 959 1784 Iste
1012 1739 1163 1780 limbus
1207 1741 1428 1782 dimidium

156 1807 355 1849 amulum
380 1839 391 1858 ,
425 1814 486 1849 ieu
524 1821 662 1849 arcum
697 1808 899 1861 exprimit
922 1837 933 1856 ,
994 1807 1110 1845 cuius
1142 1817 1260 1844 crura
1296 1801 1428 1858 paral-

157 1874 234 1915 leia
269 1873 451 1913 deorsum
486 1874 531 1913 ad
567 1874 729 1926 aiiquod
767 1872 942 1925 spatium
966 1871 1261 1923 producuntur.
1329 1869 1427 1909 Pro-

158 1941 247 1980 ime
299 1937 505 1978 orificium
557 1950 717 1993 qu‹que
771 1948 811 1978 ct
848 1938 1078 1977 {introrsum
1115 1947 1306 1989 apertum
1342 1934 1428 1985 est,

157 2014 195 2044 et
231 2004 415 2043 deorsum
452 2005 490 2042 in
539 2004 755 2056 oblongam
807 2001 922 2042 illam
975 2002 1132 2041 foucam
1184 2000 1428 2049 continuat,

155 2082 252 2122 quie
288 2078 496 2120 aperturae
531 2070 655 2109 ssmi'iii
695 2067 966 2119 primordium
1004 2066 1068 2106 cst.
1155 2065 1278 2105 Porro
1309 2063 1426 2105 orifi-

157 2135 268 2175 cium.
307 2132 381 2173 hoc
415 2145 493 2173 vua
529 2146 622 2174 cum
660 2131 788 2174 limbo
825 2133 862 2170 in
903 2130 1021 2184 piano
1055 2129 1299 2172 horizontali
1353 2143 1425 2181 po—

605 2193 609 2197 ’
762 2198 790 2238 Ρ
811 2210 836 2249 p
856 2208 882 2249 p
918 2208 941 2234 2
1287 2192 1427 2246 situm,
