2008 2735
371 192 452 234 Ex
485 191 886 236 CHARACTERE
923 192 1245 237 BOTANICO.
1350 205 1436 246 535

174 321 292 359 rum,
325 315 365 348 et
397 315 491 346 cum
527 303 656 344 radice
689 302 807 342 flores
843 305 1054 358 principiis
1088 303 1332 359 plerumque
1367 311 1445 349 sca-

175 383 257 414 tent
289 373 502 424 sapon-acco
530 389 539 393 -
566 367 795 418 gummol'is
816 397 828 416 ,
886 369 1067 409 resinosis
1108 370 1200 423 plus
1257 374 1445 412 minusue

171 437 421 478 intermixtis
442 463 454 483 ‚
489 433 602 483 fere,
639 442 682 472 vt
720 434 758 472 in
793 434 1072 486 graminibus,
1105 436 1164 475 led
1198 433 1318 476 aliter
1351 449 1446 478 mo-

171 500 339 543 dificatis
361 530 372 549 ‚
407 497 497 538 iude
528 498 592 538 vis
625 507 769 536 eorum
805 498 1024 550 abstergens
1046 529 1057 549 ‚
1093 497 1318 551 resoluens,
1350 502 1446 541 diu-

169 568 288 608 retica
322 562 561 616 similesque„
628 561 746 602 Hunc
781 563 946 615 quidem
978 564 1018 604 in
1054 563 1179 603 finem
1216 565 1296 604 iam
1326 565 1445 607 adhi-

167 631 247 671 bita
282 630 369 670 sunt
401 639 547 668 eorum
582 625 716 680 aliqua
737 657 750 678 ,
783 627 959 668 substitui
998 628 1157 682 possunt
1191 639 1212 667 e
1246 629 1445 684 reliquis,

164 695 316 748 aequali
351 692 528 735 efficacia
565 692 738 745 praedita
763 720 776 742 ,
836 694 959 733 modo
992 693 1166 743 sciatur,
1218 695 1283 735 vbi
1327 697 1446 737 toties

166 762 209 800 in
245 759 428 800 medium
458 755 706 796 adductum:
745 755 832 810 plus
863 757 1033 798 minusue
1065 755 1168 798 illud
1189 786 1203 809 ,
1253 759 1443 800 domine-

167 833 248 863 tur.
316 822 381 864 Οἱ)
417 820 675 872 mucilaginis
703 821 864 872 copiam
897 818 1162 871 Glycirhizae
1202 824 1338 864 succus
1367 826 1441 866 de-

168 884 350 928 mulcens
388 884 674 938 pectoralisque
708 884 874 938 qualitas
908 887 1068 936 cognita
1102 885 1164 926 est.

317 950 418 993 Lilia
450 952 624 1004 septimo
661 950 871 1003 sequantur
893 979 905 1000 ‚
954 961 1050 990 cum
1082 949 1334 992 Graminibus
1370 965 1441 1006 per

164 1013 307 1056 iuncos
353 1026 545 1055 connexa.
645 1013 749 1054 Haec
798 1012 938 1053 omnia
989 1026 1013 1054 e
1069 1014 1249 1065 partibus
1290 1018 1443 1057 acribus

163 1077 389 1131 composita
415 1108 425 1126 ,
461 1075 592 1117 salinis
627 1074 859 1116 volatilibus
893 1074 1065 1131 fixisque
1087 1107 1099 1126 ‚
1145 1079 1371 1128 gummosis
1403 1091 1444 1121 et

163 1140 375 1193 resinosiS,
418 1140 668 1182 intermixtis
702 1141 948 1182 terrestribus
969 1171 982 1192 ,
1016 1142 1121 1182 vnde
1153 1140 1312 1182 facultas
1345 1157 1443 1197 ape·

163 1207 286 1246 ritiua
323 1206 524 1259 prouenit.
593 1203 954 1244 Euidentiffimum
990 1215 1092 1245 vero
1113 1204 1218 1245 Lilia
1238 1210 1442 1256 graduum

164 1270 304 1310 sistunt
353 1267 595 1322 exemplum
626 1298 638 1318 ,
701 1280 723 1308 a
773 1269 1077 1310 commixtione
1143 1271 1440 1324 principiorum

160 1334 472 1385 emergentium.
573 1331 723 1385 Aliqua
774 1331 881 1373 Lilia
931 1341 1019 1373 tam
1075 1332 1214 1374 blanda
1248 1346 1290 1375 et
1325 1349 1439 1389 parca

159 1409 205 1439 ea
240 1397 385 1439 habent
407 1429 417 1449 ‚
453 1406 618 1450 tamque
653 1395 826 1439 mirifice
861 1397 966 1439 inter
1001 1398 1037 1437 se
1070 1396 1302 1452 transposita
1324 1432 1336 1451 ,
1394 1413 1440 1444 vt

162 1460 230 1502 vel
261 1462 525 1504 comedantur
544 1492 556 1511 ,
591 1461 893 1516 Aspar-agotum
917 1493 930 1512 ,
965 1461 1178 1503 Liriorum
1203 1493 1214 1514 ‚
1265 1465 1438 1521 Tulipae

161 1525 366 1581 exemplo.
432 1525 528 1568 Alia
565 1525 770 1581 phlogisto
802 1527 1004 1570 maiorem
1039 1529 1264 1569 concedunt
1285 1529 1441 1583 locum,

162 1592 334 1646 indeque
359 1593 463 1635 odor
495 1591 621 1643 surgit
655 1590 866 1634 stimulans
887 1624 901 1645 ,
932 1593 1171 1647 quibusdam
1208 1593 1441 1648 nnuscosuS,

164 1664 213 1697 vt
246 1655 286 1697 in
320 1655 466 1710 Anio,
501 1656 711 1710 fragrans,
741 1667 930 1712 acceptus
950 1689 961 1708 ‚
1021 1667 1068 1698 vt
1102 1657 1142 1698 in
1181 1655 1367 1700 Narcisso
1399 1671 1440 1703 et

165 1719 409 1772 Hyacintho.
478 1721 573 1764 Alia
606 1721 751 1764 leniter
786 1732 999 1777 purgant,
1040 1721 1118 1762 alia
1154 1731 1341 1777 potenter
1375 1736 1441 1768 re-

162 1783 328 1827 soluunt
351 1818 364 1839 ‚
395 1796 445 1829 vt
479 1787 614 1829 Iride&
712 1785 809 1828 Alia
841 1786 992 1829 emesm
1027 1787 1164 1834 cient,
1199 1796 1247 1827 vt
1281 1787 1402 1829 Scilla
1428 1821 1442 1842 ‚

164 1850 346 1902 gradibus
383 1852 637 1894 intermediis
668 1851 846 1906 adeoque
875 1861 918 1893 et
955 1850 1178 1892 virtutibus
1231 1850 1438 1904 plurimis.

163 1912 328 1958 Sufficit
361 1916 539 1970 iterum,
574 1928 766 1959 normam
798 1914 1030 1972 generalem
1066 1913 1196 1967 noffe,
1229 1914 1437 1960 charaRe-

161 1991 208 2022 re
239 1981 423 2024 botanico
455 1981 784 2037 perspiciendam.

313 2042 562 2099 scamina,
611 2044 943 2088 calidiffimarum
999 2045 1214 2094 regionum
1254 2045 1406 2088 incolae
1427 2077 1438 2098 ,

161 2108 381 2152 aromatica
413 2113 553 2154 omnia
584 2111 676 2155 sunt
695 2141 708 2165 ,
740 2119 925 2153 aromate
958 2108 1253 2161 feruidiffimo,
1313 2111 1438 2151 modo

1394 2187 1438 2217 m
