2008 2735
336 188 417 230 Ex
451 187 848 232 CHARACTERE
885 187 1205 233 ΒοτΑΝιςο.
1310 200 1397 242 54³

131 305 176 344 de
199 301 390 346 Auricula
419 299 498 340 vrsr
530 309 639 342 tanta
677 298 894 343 hortorum
928 301 1072 345 decora
1107 301 1276 357 praebet.
1344 305 1401 343 Vt

131 367 209 408 alia
242 377 401 407 taceam.

284 495 330 536 In
363 493 466 534 binis
501 493 728 548 exempli5‚
763 493 897 535 desino
920 526 930 546 ,
984 508 1086 549 quae
1119 494 1229 534 enim
1264 494 1402 534 dicen-

131 561 177 600 da
213 558 388 613 amplius
424 559 564 600 rell-ant
587 590 598 607 ‚
645 557 792 599 alterae
827 563 873 602 de
908 559 1054 613 plantis
1091 559 1288 600 tinetoriis
1323 557 1403 600 dis-

128 625 325 668 sertationi
362 625 633 677 praemittam.
701 621 749 662 In
787 623 1401 677 plantis7·i1ge71tilms‚ettem-a-

120 688 262 746 petalis
316 687 552 741 regulam'bus
582 718 593 738 ,
649 698 751 742 quae
802 698 994 743 vtracque
1051 690 1139 730 vim
1198 687 1400 741 prioribus

131 752 284 794 addunt
315 753 559 793 maximam.

281 883 499 934 Ringentes
550 879 807 921 verticillatae
828 910 839 931 ,
901 893 1001 935 quae
1060 879 1213 934 plantae
1271 881 1362 921 sunt
1389 909 1400 932 ,

129 947 320 988 omnium
357 948 432 987 fere
472 944 798 997 fragmiitiffiinac
823 975 833 994 ,
873 947 994 987 odore
1029 946 1251 985 aromatico
1281 975 1291 993 ‚
1329 957 1399 998 pe·

129 1010 424 1051 netrantissimo
445 1041 455 1059 ‚
507 1019 628 1062 caput
661 1017 819 1062 petente
844 1039 854 1058 ‚
906 1019 946 1049 et
983 1020 1128 1048 neruos
1163 1009 1321 1048 mirum
1356 1009 1398 1048 in

129 1075 302 1114 modum
334 1074 578 1114 restaurante
599 1101 611 1122 ,
666 1071 856 1123 pendente
887 1084 908 1112 a
945 1071 1154 1124 principiis
1187 1070 1320 1111 salinis
1353 1081 1396 1111 et

125 1135 304 1188 oleofis,
358 1137 540 1188 vtrisquc
591 1133 832 1175 volatilibus,
936 1134 1129 1187 Magnam
1188 1146 1288 1186 ergo
1322 1133 1396 1174 hae

126 1201 285 1253 plantae
321 1201 361 1238 in
397 1200 431 1239 le
465 1198 608 1237 habent
643 1198 835 1236 materiae
887 1197 1187 1237 inflammabilis
1235 1199 1401 1252 quanti·-

128 1272 252 1305 tatem
275 1294 286 1314 ‚
319 1274 444 1316 quam
479 1273 528 1301 an
564 1261 754 1314 spiritum
790 1259 988 1302 restorem
1023 1259 1197 1314 adpelles
1218 1291 1229 1310 ‚
1268 1262 1399 1301 cuiuis

124 1328 436 1368 determinatam
464 1357 474 1376 ‚
506 1337 555 1365 an
591 1336 688 1365 vero
719 1324 903 1365 ae'tiuum
941 1337 1007 1380 per
1044 1328 1078 1366 se
1114 1326 1398 1380 principium,

127 1403 204 1445 pro
238 1391 350 1432 varia
384 1389 516 1444 planta
549 1391 661 1431 varie
696 1387 979 1430 modificatum
1000 1421 1014 1441 ‚
1062 1397 1104 1431 et
1156 1390 1279 1432 modo
1332 1390 1398 1431 sub

127 1454 202 1496 hac
224 1487 235 1506 ,
270 1455 395 1496 modo
429 1454 497 1494 sub
531 1452 600 1493 illa
635 1454 845 1495 aromatici
878 1454 1013 1495 odoris
1047 1453 1171 1506 specie
1206 1453 1397 1494 vellicans

128 1531 271 1571 nareS,
320 1519 482 1572 perinde
534 1516 639 1559 mihi
687 1519 760 1559 est:
797 1518 944 1560 sufficit
983 1518 1109 1568 scire,
1145 1515 1396 1571 phlogiston,

126 1585 278 1624 fontem
310 1583 486 1625 odorum
525 1582 794 1638 pabulumque
824 1582 909 1624 effe.
1010 1583 1222 1635 Vtcunque
1255 1593 1396 1623 autem

129 1646 203 1687 hae
237 1646 392 1702 plantae
425 1645 608 1689 volat.les
641 1647 733 1688 sunt
754 1678 766 1697 ,
799 1647 852 1688 est
883 1656 1017 1687 tamen
1053 1647 1093 1686 iu
1127 1646 1206 1698 ipsa
1242 1646 1394 1688 volati-

128 1711 242 1752 litate
274 1711 408 1754 fixitas
429 1743 441 1763 ,
475 1712 618 1753 scilicet
652 1713 692 1753 in
727 1725 771 1753 ea
807 1712 1023 1753 constantia
1057 1712 1253 1765 quaedam
1275 1741 1286 1762 ,
1344 1720 1394 1752 vt

128 1787 210 1817 non
245 1776 375 1817 statim
409 1776 648 1831 dissipetur,
683 1777 745 1818 sed
780 1785 887 1816 tanta
907 1776 948 1816 in
973 1787 1118 1816 neruos
1138 1774 1393 1828 impressione

128 1851 247 1891 agens
268 1870 280 1890 ,
313 1850 358 1881 vt
390 1842 606 1892 retineant,
641 1843 747 1895 quod
768 1850 1018 1895 receperunt,
1040 1840 1078 1880 id
1113 1840 1219 1893 quod
1253 1840 1392 1893 copiae

128 1903 425 1945 adscribendum
465 1908 552 1957 est,
588 1907 725 1948 minus
743 1905 939 1947 volumen
959 1904 1184 1957 occupanti.
1244 1901 1391 1944 Nihilo

130 1969 260 2009 minus
289 1969 432 2019 gradus
463 1971 621 2012 dantur.
688 1969 864 2025 Aliqua-e
892 1981 913 2009 e
947 1968 1196 2010 verticillalis
1232 1967 1391 2020 plantae

124 2032 314 2073 omnium
351 2032 439 2073 sunt
473 2035 705 2076 fortissimae
728 2065 739 2084 ‚
790 2044 837 2075 vt
871 2032 1141 2087 Dracocepholi
1161 2063 1171 2083 ,
1222 2031 1390 2072 Rorma-

123 2096 200 2139 rim'
220 2125 233 2155 7
260 2096 386 2139 Ocimi
403 2127 415 2151 ,
451 2095 680 2142 Maioranae
702 2127 714 2150 ‚
750 2095 918 2151 Melg'ffae
943 2126 955 2148 ,
990 2095 1151 2141 Memae
1173 2126 1184 2148 ‚
1218 2094 1392 2197 Salgf'ae,

230 2184 231 2187 ,
1329 2169 1394 2197 er-
