2008 2735
544 193 630 228 510
813 167 1519 218 OBSERVATIONES

538 293 634 334 stato
656 316 671 320 -
696 289 877 341 trilobis,
914 291 1077 332 dentato
1097 311 1114 321 -
1133 287 1363 331 subfinuatis
1385 318 1396 338 ‚
1426 289 1658 330 tenerrimis
1681 320 1692 341 ,
1723 288 1807 341 gla-

538 356 734 398 berrimis.
786 361 789 364 “

686 433 869 479 Siliculae
902 439 1103 480 rotundae
1125 466 1137 487 ,
1171 437 1388 478 tetraedrae
1412 468 1422 488 ‚
1458 438 1690 479 muricatae.

687 516 819 558 Caedis
857 527 957 556 teres
979 547 990 565 ‚
1042 515 1156 555 valde
1188 517 1376 557 ramosus.
1474 516 1606 557 Radix
1641 516 1778 558 fibrosa
1801 548 1812 568 ,

540 595 679 624 annua.
751 581 991 633 Magnitudo
1027 580 1136 634 pedis
1169 581 1290 620 vnius
1323 593 1421 621 cum
1455 581 1642 623 dimidio.

1139 695 1220 737 111.

351 792 438 827 Tab.
469 795 506 826 x.
689 783 808 839 Quod
847 782 912 824 111.
945 780 1185 823 SLOANE
1219 779 1373 833 history
1408 780 1629 822 ofIamaic
1664 780 1756 823 Vol.
1778 779 1812 820 Ι.

545 859 629 900 pag.
674 860 775 896 135.
812 846 1015 900 descripsit
1049 846 1167 901 Piper
1205 845 1377 898 longum
1409 845 1624 888 arboreum
1646 876 1658 897 ,
1710 845 1817 891 foliis

544 912 775 963 latissimis,
829 926 908 953 non
961 913 1014 952 litt
1047 913 1142 952 bene
1176 910 1390 951 dclincauit
1419 910 1517 952 Tab.
1558 916 1627 952 88.
1665 909 1734 963 fig.
1777 923 1813 949 1.

543 977 783 1030 exemplum
816 978 924 1016 enim
949 1007 959 1026 ‚
1010 976 1117 1026 quod
1154 988 1203 1014 ex
1241 977 1316 1028 ipsa
1351 975 1569 1017 SLOANI
1606 975 1817 1017 collemo-

544 1052 593 1079 ηε
629 1042 667 1079 in
706 1042 814 1081 vasto
848 1043 917 1080 suo
949 1039 1214 1091 omnibusque
1252 1040 1472 1091 buropneis
1504 1040 1668 1092 reliquis
1715 1038 1834 1080 nihili

543 1105 706 1144 cedente
744 1104 928 1144 herbario
963 1103 1158 1142 academia
1191 1101 1320 1141 nostra
1367 1102 1546 1142 adseruat
1570 1132 1580 1151 ‚
1633 1103 1680 1142 ad
1732 1104 1817 1142 ico-

548 1181 640 1209 nem
677 1168 872 1209 adiectam
907 1165 1184 1219 compositum
1218 1166 1296 1216 est,
1330 1165 1446 1218 seque
1479 1166 1663 1217 sequente
1695 1165 1820 1208 modo

546 1230 674 1272 habet.

699 1293 832 1335 caulis
866 1294 911 1334 ad
945 1293 1047 1334 duos
1083 1292 1198 1346 pedes
1234 1289 1464 1340 adscendit,
1501 1299 1600 1332 teres
1635 1291 1714 1343 est,
1749 1305 1836 1337 nec.

550 1360 731 1400 multum
783 1358 998 1409 ramosus,
1050 1355 1298 1412 pedunculos
1351 1364 1514 1396 tantum
1559 1356 1748 1396 emittens
1780 1365 1821 1397 ct

551 1423 734 1478 petiolos.

705 1487 817 1530 Folia
878 1498 1002 1528 ouato
1031 1509 1050 1515 —
1081 1485 1251 1544 oblonga
1315 1487 1540 1526 acuminata
1596 1485 1822 1538 trincruia,

549 1554 738 1605 dentata,
773 1552 984 1592 latitudine
1020 1551 1244 1604 inaequalia
1267 1582 1277 1601 ,
1312 1551 1419 1604 saepe
1451 1548 1630 1603 opposita
1653 1580 1664 1601 ,
1714 1551 1822 1604 saepe

553 1618 713 1657 alterna.

701 1679 884 1733 Spndices
934 1679 1099 1720 florifizri
1135 1678 1390 1731 longissimi,
1442 1679 1592 1721 incurui
1617 1711 1628 1731 ,
1676 1680 1724 1720 ad
1760 1680 1821 1721 so·

552 1743 704 1786 liorum
742 1743 842 1786 latus
874 1744 1112 1799 oppositum
1147 1744 1424 1785 excrescentes,

705 1825 826 1868 Plura
879 1825 1014 1869 siccata
1067 1826 1200 1883 planta
1260 1840 1339 1869 non
1371 1827 1555 1868 adnotare
1589 1827 1824 1882 permittit3

553 1893 614 1933 sed
650 1892 794 1933 sufficit
831 1894 964 1947 paucis
997 1893 1224 1944 dignoscere
1260 1893 1351 1934 inde
1384 1893 1548 1947 speciem
1573 1922 1584 1943 ‚
1634 1904 1735 1947 quae
1782 1894 1825 1934 in

555 1956 816 1998 celeberrimi
870 1970 950 1998 von
1007 1955 1199 1999 LINNE
1249 1957 1554 1998 enumeratione
1589 1957 1824 2012 plantarum

560 2033 641 2060 non
675 2022 800 2061 exstat
823 2052 834 2070 ,
869 2022 1097 2074 sufficitque
1130 2034 1220 2062 eam
1252 2021 1394 2079 amplo
1425 2023 1590 2076 generi,
1623 2034 1675 2066 ex
1709 2030 1827 2065 auto-

558 2085 640 2139 psia
673 2085 902 2138 castigatam
926 2117 938 2139 ‚
972 2087 1110 2130 subiici
1143 2084 1259 2142 posse.

1747 2162 1821 2205 lv.
