2008 2735
583 189 639 227 ιε
1005 185 1122 237 meae
1155 179 1169 239 )
1204 195 1230 224 0
1265 182 1280 231 (
1313 182 1429 234 Q<-

576 312 620 343 re
654 301 695 343 in
728 297 831 341 vasis
864 296 1005 339 clausis
1039 298 1214 340 fluidum
1254 300 1424 341 interius
1471 310 1596 354 aeque
1645 311 1689 342 ae
1742 309 1857 344 exte-

575 368 661 408 rius
697 364 866 406 ebullire
923 365 1093 419 ceperit.
1192 364 1379 418 Denique
1427 377 1522 406 cum
1583 363 1707 406 fluida
1758 367 1857 408 reli-

577 445 691 486 qua,
746 432 787 471 in
840 430 987 485 quibus
1041 429 1352 485 phaenomenon
1401 444 1480 472 non
1526 431 1731 480 successit,
1763 443 1857 471 con-

578 497 746 539 stantem
787 495 928 537 itidem
965 495 1198 536 ebulliendo
1230 494 1406 536 calorem
1443 495 1550 536 haud
1583 496 1763 545 seruent,
1798 496 1859 538 sed

581 562 614 603 is
637 593 648 613 ‚
682 560 752 615 qui
788 560 835 601 ad
869 560 1127 602 bullitionem
1163 560 1379 614 requiritur
1404 591 1415 611 ,
1469 559 1588 613 longe
1626 562 1764 612 augeri
1818 561 1859 601 in

578 627 628 668 iis
666 625 781 679 poss'it
803 656 813 675 ,
865 625 977 666 causa
1011 639 1173 680 quoque
1208 626 1411 667 manifesta
1447 625 1499 666 est
1521 656 1532 677 ,
1583 637 1655 669 cut
1705 626 1747 667 in
1797 623 1859 668 his

579 689 895 746 phaenomenon
928 690 1120 736 similiter
1152 704 1236 734 non
1270 690 1506 734 successerit.

1036 861 1041 867 .
1188 818 1258 876 ΙΙ.

687 900 785 961 De
843 898 1235 960 Ele&ricitate
1290 899 1751 962 barometrorum

1057 982 1386 1065 disquifitio.

640 1118 821 1184 Auel.
866 1121 927 1180 F.
975 1120 1052 1179 V.
1099 1122 1182 1193 T,
1228 1120 1467 1204 Aepino
1511 1140 1640 1202 pag.
1688 1142 1807 1197 303.

586 1273 978 1386 Barometrorum
1015 1283 1268 1336 quorundam
1306 1281 1516 1335 singularis
1550 1281 1620 1324 illa
1675 1283 1864 1337 proprie-

707 1359 763 1388 tas
785 1379 796 1399 ,
837 1358 927 1388 ante
963 1347 1037 1388 hos
1069 1350 1150 1391 fere
1185 1359 1350 1390 centum
1386 1360 1507 1389 annos
1538 1362 1560 1388 a
1597 1348 1760 1388 Picardo
1793 1349 1864 1387 de·

568 1413 692 1454 ‘testa
717 1444 728 1463 ,
763 1425 839 1466 qua
875 1414 1068 1454 mercurii
1106 1414 1229 1454 noctu
1266 1414 1405 1462 agitati
1443 1417 1602 1450 iumma
1640 1410 1867 1464 superficies

588 1477 633 1517 in
668 1477 844 1517 descensu
876 1477 1011 1516 lucem
1047 1478 1227 1530 aliquam
1262 1476 1335 1529 ipsi
1372 1474 1655 1516 adhaerentem
1707 1476 1866 1529 conipi-

589 1541 774 1582 ciendam
813 1540 976 1591 praebet
997 1571 1008 1588 ,
1057 1541 1104 1578 ab
1137 1553 1186 1579 eo
1219 1540 1313 1577 inde
1348 1547 1533 1590 tempore
1569 1539 1742 1580 mirifice
1789 1552 1863 1579 ex-

588 1604 721 1644 ercuit
755 1600 1022 1655 physicorum
1058 1602 1217 1654 ingenia
1240 1632 1252 1651 ,
1292 1601 1332 1640 in
1383 1602 1597 1652 detegenda
1651 1601 1864 1655 singularis

588 1667 713 1707 huius
749 1664 1019 1719 phaenomeni
1056 1668 1213 1707 ratione
1246 1675 1363 1719 atque
1395 1664 1635 1707 conficiendi
1677 1668 1864 1708 batonie-

592 1741 652 1774 tra
701 1730 874 1771 lucentia
926 1730 1124 1772 methodo
1183 1731 1318 1772 frustra
1374 1729 1678 1783 laborantium,
1737 1732 1861 1773 donce

587 1798 753 1839 summo
788 1796 949 1838 tandem
985 1796 1105 1836 nostri
1151 1796 1238 1835 aeui
1294 1793 1573 1846 Geometrae‚
1623 1796 1702 1839 lob.
1759 1796 1861 1838 Ber-

589 1861 735 1902 nouillio
763 1891 775 1911 ,
821 1861 1041 1912 genuinam
1091 1873 1236 1902 corum
1286 1862 1629 1903 coiistrue‘tionem
1681 1863 1862 1903 inuenire

588 1925 760 1967 licuerit.
844 1925 1094 1966 Barometris
1128 1925 1233 1967 hisce
1268 1925 1492 1968 lucentibus
1528 1928 1709 1968 miranda
1745 1939 1864 1979 quae·

589 1992 682 2031 dam
715 1989 885 2031 adfectio
921 1991 1084 2044 propria
1115 1992 1168 2032 est
1189 2023 1200 2043 ‚
1250 1992 1364 2031 cuius
1399 1994 1558 2044 ignotus
1593 1993 1647 2033 cst
1703 1993 1860 2046 primus

589 2055 815 2105 inuentor,
869 2056 1001 2108 prima
1054 2067 1152 2097 vero
1193 2058 1234 2097 in
1268 2056 1477 2098 elementis
1515 2056 1698 2111 physices
1731 2056 1858 2096 Ham-

587 2119 743 2174 bergeri
775 2119 934 2177 publica
970 2121 1128 2163 mentio
1162 2119 1242 2175 fit5
1274 2134 1352 2177 qua
1389 2122 1534 2164 scilicet
1557 2153 1570 2174 ,
1605 2122 1634 2165 fi
1667 2121 1712 2162 ad
1748 2119 1860 2160 sum·

1738 2193 1862 2224 nuta·
