<?xml version="1.0" encoding="UTF-8"?>
<!DOCTYPE html PUBLIC "-//W3C//DTD XHTML 1.0 Transitional//EN"
    "http://www.w3.org/TR/xhtml1/DTD/xhtml1-transitional.dtd">
<html xmlns="http://www.w3.org/1999/xhtml" xml:lang="en" lang="en">
 <head>
  <title>
</title>
<meta http-equiv="Content-Type" content="text/html;charset=utf-8" />
  <meta name='ocr-system' content='tesseract 3.04.00' />
  <meta name='ocr-capabilities' content='ocr_page ocr_carea ocr_par ocr_line ocrx_word'/>
</head>
<body>
  <div class='ocr_page' id='page_1' title='image "./novicommentariac12impe_0173.png"; bbox 0 0 2008 2735; ppageno 0'>
   <div class='ocr_carea' id='block_1_1' title="bbox 391 153 1397 199">
    <p class='ocr_par' dir='ltr' id='par_1_1' title="bbox 391 153 1397 199">
     <span class='ocr_line' id='line_1_1' title="bbox 391 153 1397 199; baseline -0.002 -1"><span class='ocrx_word' id='word_1_1' title='bbox 391 155 585 198; x_wconf 76' lang='lat' dir='ltr'><strong>MEDIA</strong></span> <span class='ocrx_word' id='word_1_2' title='bbox 633 153 1171 199; x_wconf 81' lang='lat' dir='ltr'><strong>MATRIMONIORVM.</strong></span> <span class='ocrx_word' id='word_1_3' title='bbox 1316 169 1331 196; x_wconf 85' lang='lat'>1</span> <span class='ocrx_word' id='word_1_4' title='bbox 1348 169 1361 194; x_wconf 86' lang='lat'>1</span> <span class='ocrx_word' id='word_1_5' title='bbox 1380 170 1397 196; x_wconf 84' lang='lat'>1</span> 
     </span>
    </p>
   </div>
   <div class='ocr_carea' id='block_1_2' title="bbox 144 266 1412 766">
    <p class='ocr_par' dir='ltr' id='par_1_2' title="bbox 144 266 1412 766">
     <span class='ocr_line' id='line_1_2' title="bbox 278 266 1409 321; baseline 0.001 -15"><span class='ocrx_word' id='word_1_6' title='bbox 278 268 414 321; x_wconf 84' lang='lat' dir='ltr'>Atque</span> <span class='ocrx_word' id='word_1_7' title='bbox 447 269 498 309; x_wconf 79' lang='lat' dir='ltr'>sic</span> <span class='ocrx_word' id='word_1_8' title='bbox 535 268 714 309; x_wconf 76' lang='lat' dir='ltr'>tabellam</span> <span class='ocrx_word' id='word_1_9' title='bbox 750 266 971 319; x_wconf 79' lang='lat' dir='ltr'>appositam</span> <span class='ocrx_word' id='word_1_10' title='bbox 1011 279 1084 319; x_wconf 88' lang='lat' dir='ltr'>pro</span> <span class='ocrx_word' id='word_1_11' title='bbox 1118 267 1265 318; x_wconf 85' lang='lat' dir='ltr'>quouis</span> <span class='ocrx_word' id='word_1_12' title='bbox 1302 279 1409 307; x_wconf 72' lang='lat' dir='ltr'>acta·</span> 
     </span>
     <span class='ocr_line' id='line_1_3' title="bbox 147 330 1409 384; baseline 0.001 -14"><span class='ocrx_word' id='word_1_13' title='bbox 147 331 197 370; x_wconf 82' lang='lat' dir='ltr'>tis</span> <span class='ocrx_word' id='word_1_14' title='bbox 233 332 479 372; x_wconf 81' lang='lat' dir='ltr'>incremento</span> <span class='ocrx_word' id='word_1_15' title='bbox 529 330 816 384; x_wconf 67' lang='lat' dir='ltr'>quinquennali</span> <span class='ocrx_word' id='word_1_16' title='bbox 869 330 1105 379; x_wconf 81' lang='lat' dir='ltr'>construxi,</span> <span class='ocrx_word' id='word_1_17' title='bbox 1163 331 1225 369; x_wconf 66' lang='lat' dir='ltr'>xbi</span> <span class='ocrx_word' id='word_1_18' title='bbox 1279 332 1409 383; x_wconf 82' lang='lat' dir='ltr'>prima</span> 
     </span>
     <span class='ocr_line' id='line_1_4' title="bbox 145 395 1410 448; baseline 0.001 -14"><span class='ocrx_word' id='word_1_19' title='bbox 145 395 337 436; x_wconf 83' lang='lat' dir='ltr'>columna</span> <span class='ocrx_word' id='word_1_20' title='bbox 372 397 516 435; x_wconf 77' lang='lat' dir='ltr'>indicat</span> <span class='ocrx_word' id='word_1_21' title='bbox 550 407 749 433; x_wconf 85' lang='lat' dir='ltr'>annorum</span> <span class='ocrx_word' id='word_1_22' title='bbox 789 403 957 432; x_wconf 72' lang='lat' dir='ltr'>aetatem</span> <span class='ocrx_word' id='word_1_23' title='bbox 999 395 1159 446; x_wconf 80' lang='lat' dir='ltr'>vti-ique</span> <span class='ocrx_word' id='word_1_24' title='bbox 1199 406 1410 448; x_wconf 82' lang='lat' dir='ltr'>connupto</span> 
     </span>
     <span class='ocr_line' id='line_1_5' title="bbox 145 459 1409 509; baseline -0.002 -10"><span class='ocrx_word' id='word_1_25' title='bbox 145 471 442 508; x_wconf 79' lang='lat' dir='ltr'>communem,</span> <span class='ocrx_word' id='word_1_26' title='bbox 495 459 656 497; x_wconf 75' lang='lat' dir='ltr'>stcunda</span> <span class='ocrx_word' id='word_1_27' title='bbox 711 469 808 497; x_wconf 79' lang='lat' dir='ltr'>vero</span> <span class='ocrx_word' id='word_1_28' title='bbox 867 467 1029 509; x_wconf 70' lang='lat' dir='ltr'>tempus</span> <span class='ocrx_word' id='word_1_29' title='bbox 1085 459 1230 507; x_wconf 74' lang='lat' dir='ltr'>docet,</span> <span class='ocrx_word' id='word_1_30' title='bbox 1299 460 1409 498; x_wconf 85' lang='lat' dir='ltr'>annis</span> 
     </span>
     <span class='ocr_line' id='line_1_6' title="bbox 145 520 1412 575; baseline -0.001 -12"><span class='ocrx_word' id='word_1_31' title='bbox 145 521 419 575; x_wconf 84' lang='lat' dir='ltr'>mensibusque</span> <span class='ocrx_word' id='word_1_32' title='bbox 450 521 677 574; x_wconf 68' lang='lat' dir='ltr'>expressum</span> <span class='ocrx_word' id='word_1_33' title='bbox 701 551 712 572; x_wconf 93' lang='lat'>‚</span> <span class='ocrx_word' id='word_1_34' title='bbox 761 521 865 559; x_wconf 77' lang='lat' dir='ltr'>intra</span> <span class='ocrx_word' id='word_1_35' title='bbox 901 523 1007 572; x_wconf 83' lang='lat' dir='ltr'>quod</span> <span class='ocrx_word' id='word_1_36' title='bbox 1043 520 1296 572; x_wconf 67' lang='lat' dir='ltr'>probabiliter</span> <span class='ocrx_word' id='word_1_37' title='bbox 1348 523 1412 562; x_wconf 89' lang='lat' dir='ltr'>di-</span> 
     </span>
     <span class='ocr_line' id='line_1_7' title="bbox 149 584 1411 638; baseline 0 -12"><span class='ocrx_word' id='word_1_38' title='bbox 149 587 270 626; x_wconf 86' lang='lat' dir='ltr'>midia</span> <span class='ocrx_word' id='word_1_39' title='bbox 323 586 681 625; x_wconf 77' lang='lat' dir='ltr'>matrimoniorum</span> <span class='ocrx_word' id='word_1_40' title='bbox 736 597 824 638; x_wconf 82' lang='lat' dir='ltr'>pars</span> <span class='ocrx_word' id='word_1_41' title='bbox 875 584 1110 623; x_wconf 78' lang='lat' dir='ltr'>destruatur.</span> <span class='ocrx_word' id='word_1_42' title='bbox 1210 584 1411 626; x_wconf 77' lang='lat' dir='ltr'>methodo</span> 
     </span>
     <span class='ocr_line' id='line_1_8' title="bbox 147 648 1409 702; baseline -0.001 -13"><span class='ocrx_word' id='word_1_43' title='bbox 147 659 282 689; x_wconf 81' lang='lat' dir='ltr'>autem</span> <span class='ocrx_word' id='word_1_44' title='bbox 315 649 675 702; x_wconf 79' lang='lat' dir='ltr'>interpolationum</span> <span class='ocrx_word' id='word_1_45' title='bbox 712 649 799 688; x_wconf 73' lang='lat' dir='ltr'>stitis</span> <span class='ocrx_word' id='word_1_46' title='bbox 833 658 1014 687; x_wconf 78' lang='lat' dir='ltr'>accurate</span> <span class='ocrx_word' id='word_1_47' title='bbox 1048 648 1262 699; x_wconf 79' lang='lat' dir='ltr'>negotium</span> <span class='ocrx_word' id='word_1_48' title='bbox 1311 660 1409 689; x_wconf 86' lang='lat' dir='ltr'>cou-</span> 
     </span>
     <span class='ocr_line' id='line_1_9' title="bbox 144 712 1033 766; baseline -0.001 -14"><span class='ocrx_word' id='word_1_49' title='bbox 144 712 303 757; x_wconf 85' lang='lat' dir='ltr'>ficietur</span> <span class='ocrx_word' id='word_1_50' title='bbox 338 725 414 766; x_wconf 87' lang='lat' dir='ltr'>pro</span> <span class='ocrx_word' id='word_1_51' title='bbox 450 713 591 766; x_wconf 82' lang='lat' dir='ltr'>quauis</span> <span class='ocrx_word' id='word_1_52' title='bbox 624 722 748 753; x_wconf 79' lang='lat' dir='ltr'>aetate</span> <span class='ocrx_word' id='word_1_53' title='bbox 784 713 1033 752; x_wconf 76' lang='lat' dir='ltr'>intermedia.</span> 
     </span>
    </p>
   </div>
   <div class='ocr_carea' id='block_1_3' title="bbox 138 807 1410 2059">
    <p class='ocr_par' dir='ltr' id='par_1_3' title="bbox 138 807 1410 2059">
     <span class='ocr_line' id='line_1_10' title="bbox 280 807 1410 864; baseline 0.001 -17"><span class='ocrx_word' id='word_1_54' title='bbox 280 811 310 858; x_wconf 65' lang='grc' dir='ltr'>ς.</span> <span class='ocrx_word' id='word_1_55' title='bbox 352 820 419 847; x_wconf 78' lang='lat'>10.</span> <span class='ocrx_word' id='word_1_56' title='bbox 455 808 627 849; x_wconf 74' lang='lat' dir='ltr'>Praefata</span> <span class='ocrx_word' id='word_1_57' title='bbox 662 807 838 861; x_wconf 82' lang='lat' dir='ltr'>quaestio</span> <span class='ocrx_word' id='word_1_58' title='bbox 871 808 917 848; x_wconf 89' lang='lat' dir='ltr'>de</span> <span class='ocrx_word' id='word_1_59' title='bbox 953 816 1137 862; x_wconf 86' lang='lat' dir='ltr'>tempore</span> <span class='ocrx_word' id='word_1_60' title='bbox 1159 841 1169 861; x_wconf 88' lang='lat'>,</span> <span class='ocrx_word' id='word_1_61' title='bbox 1229 820 1313 864; x_wconf 89' lang='lat' dir='ltr'>quo</span> <span class='ocrx_word' id='word_1_62' title='bbox 1346 809 1410 849; x_wconf 91' lang='lat' dir='ltr'>di-</span> 
     </span>
     <span class='ocr_line' id='line_1_11' title="bbox 149 869 1410 926; baseline 0.004 -18"><span class='ocrx_word' id='word_1_63' title='bbox 149 869 271 909; x_wconf 80' lang='lat' dir='ltr'>midia</span> <span class='ocrx_word' id='word_1_64' title='bbox 306 871 668 912; x_wconf 79' lang='lat' dir='ltr'>matrimoniorum</span> <span class='ocrx_word' id='word_1_65' title='bbox 705 883 793 924; x_wconf 77' lang='lat' dir='ltr'>pars</span> <span class='ocrx_word' id='word_1_66' title='bbox 828 871 1048 911; x_wconf 88' lang='lat' dir='ltr'>destruitur</span> <span class='ocrx_word' id='word_1_67' title='bbox 1084 873 1315 926; x_wconf 85' lang='lat' dir='ltr'>incipiendo</span> <span class='ocrx_word' id='word_1_68' title='bbox 1365 873 1410 913; x_wconf 84' lang='lat' dir='ltr'>ab</span> 
     </span>
     <span class='ocr_line' id='line_1_12' title="bbox 144 933 1410 988; baseline 0.004 -17"><span class='ocrx_word' id='word_1_69' title='bbox 144 942 268 972; x_wconf 84' lang='lat' dir='ltr'>aetate</span> <span class='ocrx_word' id='word_1_70' title='bbox 302 933 567 988; x_wconf 76' lang='lat' dir='ltr'>qualicunque</span> <span class='ocrx_word' id='word_1_71' title='bbox 588 967 599 986; x_wconf 94' lang='lat'>‚</span> <span class='ocrx_word' id='word_1_72' title='bbox 652 947 730 974; x_wconf 90' lang='lat' dir='ltr'>non</span> <span class='ocrx_word' id='word_1_73' title='bbox 766 935 819 974; x_wconf 88' lang='lat' dir='ltr'>est</span> <span class='ocrx_word' id='word_1_74' title='bbox 849 935 1120 974; x_wconf 81' lang='lat' dir='ltr'>confundenda</span> <span class='ocrx_word' id='word_1_75' title='bbox 1155 948 1251 976; x_wconf 87' lang='lat' dir='ltr'>cum</span> <span class='ocrx_word' id='word_1_76' title='bbox 1288 947 1410 988; x_wconf 83' lang='lat' dir='ltr'>quae-</span> 
     </span>
     <span class='ocr_line' id='line_1_13' title="bbox 147 996 1408 1050; baseline 0.001 -14"><span class='ocrx_word' id='word_1_77' title='bbox 147 997 267 1036; x_wconf 81' lang='lat' dir='ltr'>stione</span> <span class='ocrx_word' id='word_1_78' title='bbox 320 998 446 1036; x_wconf 82' lang='lat' dir='ltr'>nostra</span> <span class='ocrx_word' id='word_1_79' title='bbox 496 996 739 1050; x_wconf 81' lang='lat' dir='ltr'>principali,</span> <span class='ocrx_word' id='word_1_80' title='bbox 789 1008 888 1048; x_wconf 79' lang='lat' dir='ltr'>quae</span> <span class='ocrx_word' id='word_1_81' title='bbox 939 998 1191 1037; x_wconf 81' lang='lat' dir='ltr'>durationem</span> <span class='ocrx_word' id='word_1_82' title='bbox 1233 999 1408 1037; x_wconf 77' lang='lat' dir='ltr'>mediam</span> 
     </span>
     <span class='ocr_line' id='line_1_14' title="bbox 146 1059 1410 1113; baseline 0.002 -16"><span class='ocrx_word' id='word_1_83' title='bbox 146 1059 504 1098; x_wconf 78' lang='lat' dir='ltr'>matrimoniorum</span> <span class='ocrx_word' id='word_1_84' title='bbox 541 1060 700 1111; x_wconf 83' lang='lat' dir='ltr'>insuper</span> <span class='ocrx_word' id='word_1_85' title='bbox 733 1059 1017 1111; x_wconf 53' lang='lat' dir='ltr'>expectandam</span> <span class='ocrx_word' id='word_1_86' title='bbox 1051 1061 1252 1113; x_wconf 84' lang='lat' dir='ltr'>requirit,</span> <span class='ocrx_word' id='word_1_87' title='bbox 1288 1073 1410 1113; x_wconf 80' lang='lat' dir='ltr'>quae-</span> 
     </span>
     <span class='ocr_line' id='line_1_15' title="bbox 140 1120 1408 1175; baseline 0.007 -17"><span class='ocrx_word' id='word_1_88' title='bbox 140 1130 299 1173; x_wconf 86' lang='lat' dir='ltr'>cunque</span> <span class='ocrx_word' id='word_1_89' title='bbox 334 1120 382 1160; x_wconf 79' lang='lat' dir='ltr'>sit</span> <span class='ocrx_word' id='word_1_90' title='bbox 425 1132 526 1162; x_wconf 78' lang='lat' dir='ltr'>aetas</span> <span class='ocrx_word' id='word_1_91' title='bbox 576 1131 918 1175; x_wconf 88' lang='lat' dir='ltr'>connuptorum‚</span> <span class='ocrx_word' id='word_1_92' title='bbox 977 1123 1100 1163; x_wconf 89' lang='lat' dir='ltr'>modo</span> <span class='ocrx_word' id='word_1_93' title='bbox 1154 1124 1204 1164; x_wconf 82' lang='lat' dir='ltr'>sit</span> <span class='ocrx_word' id='word_1_94' title='bbox 1254 1125 1408 1167; x_wconf 75' lang='lat' dir='ltr'>eadem.</span> 
     </span>
     <span class='ocr_line' id='line_1_16' title="bbox 144 1184 1410 1239; baseline 0.003 -13"><span class='ocrx_word' id='word_1_95' title='bbox 144 1184 280 1226; x_wconf 85' lang='lat' dir='ltr'>Facile</span> <span class='ocrx_word' id='word_1_96' title='bbox 340 1194 471 1226; x_wconf 71' lang='lat' dir='ltr'>tamen</span> <span class='ocrx_word' id='word_1_97' title='bbox 524 1187 765 1239; x_wconf 87' lang='lat' dir='ltr'>prouidetur</span> <span class='ocrx_word' id='word_1_98' title='bbox 816 1198 896 1226; x_wconf 89' lang='lat' dir='ltr'>non</span> <span class='ocrx_word' id='word_1_99' title='bbox 948 1186 1134 1226; x_wconf 84' lang='lat' dir='ltr'>multum</span> <span class='ocrx_word' id='word_1_100' title='bbox 1184 1189 1410 1230; x_wconf 81' lang='lat' dir='ltr'>admodum</span> 
     </span>
     <span class='ocr_line' id='line_1_17' title="bbox 145 1248 1410 1304; baseline 0.005 -18"><span class='ocrx_word' id='word_1_101' title='bbox 145 1249 249 1287; x_wconf 83' lang='lat' dir='ltr'>inter</span> <span class='ocrx_word' id='word_1_102' title='bbox 285 1248 319 1288; x_wconf 88' lang='lat' dir='ltr'>se</span> <span class='ocrx_word' id='word_1_103' title='bbox 352 1248 507 1290; x_wconf 85' lang='lat' dir='ltr'>differre</span> <span class='ocrx_word' id='word_1_104' title='bbox 543 1250 646 1304; x_wconf 65' lang='lat' dir='ltr'>poffe</span> <span class='ocrx_word' id='word_1_105' title='bbox 680 1251 812 1291; x_wconf 78' lang='lat' dir='ltr'>ambas</span> <span class='ocrx_word' id='word_1_106' title='bbox 863 1250 1138 1303; x_wconf 75' lang='lat' dir='ltr'>quaestiones3</span> <span class='ocrx_word' id='word_1_107' title='bbox 1191 1251 1410 1293; x_wconf 86' lang='lat' dir='ltr'>methodus</span> 
     </span>
     <span class='ocr_line' id='line_1_18' title="bbox 144 1314 1409 1364; baseline 0.005 -14"><span class='ocrx_word' id='word_1_108' title='bbox 144 1321 280 1350; x_wconf 77' lang='lat' dir='ltr'>autem</span> <span class='ocrx_word' id='word_1_109' title='bbox 317 1325 391 1364; x_wconf 93' lang='lat' dir='ltr'>pro</span> <span class='ocrx_word' id='word_1_110' title='bbox 426 1314 662 1355; x_wconf 85' lang='lat' dir='ltr'>inuenienda</span> <span class='ocrx_word' id='word_1_111' title='bbox 696 1315 909 1356; x_wconf 78' lang='lat' dir='ltr'>duratione</span> <span class='ocrx_word' id='word_1_112' title='bbox 949 1315 1077 1356; x_wconf 82' lang='lat' dir='ltr'>media</span> <span class='ocrx_word' id='word_1_113' title='bbox 1116 1316 1409 1356; x_wconf 82' lang='lat' dir='ltr'>matrimonio-</span> 
     </span>
     <span class='ocr_line' id='line_1_19' title="bbox 146 1374 1409 1429; baseline 0.006 -16"><span class='ocrx_word' id='word_1_114' title='bbox 146 1387 241 1414; x_wconf 86' lang='lat' dir='ltr'>rum</span> <span class='ocrx_word' id='word_1_115' title='bbox 277 1374 418 1415; x_wconf 76' lang='lat' dir='ltr'>similis</span> <span class='ocrx_word' id='word_1_116' title='bbox 451 1377 502 1415; x_wconf 81' lang='lat' dir='ltr'>est</span> <span class='ocrx_word' id='word_1_117' title='bbox 538 1376 627 1426; x_wconf 88' lang='lat' dir='ltr'>illi,</span> <span class='ocrx_word' id='word_1_118' title='bbox 659 1390 737 1429; x_wconf 83' lang='lat' dir='ltr'>qua</span> <span class='ocrx_word' id='word_1_119' title='bbox 774 1380 934 1417; x_wconf 79' lang='lat' dir='ltr'>vtimur</span> <span class='ocrx_word' id='word_1_120' title='bbox 967 1380 1012 1418; x_wconf 88' lang='lat' dir='ltr'>ad</span> <span class='ocrx_word' id='word_1_121' title='bbox 1047 1379 1306 1419; x_wconf 81' lang='lat' dir='ltr'>durationem</span> <span class='ocrx_word' id='word_1_122' title='bbox 1341 1380 1409 1420; x_wconf 80' lang='lat' dir='ltr'>vi-</span> 
     </span>
     <span class='ocr_line' id='line_1_20' title="bbox 145 1441 1406 1493; baseline 0.004 -15"><span class='ocrx_word' id='word_1_123' title='bbox 145 1448 205 1478; x_wconf 81' lang='lat' dir='ltr'>tae</span> <span class='ocrx_word' id='word_1_124' title='bbox 225 1468 237 1485; x_wconf 84' lang='lat'>‚</span> <span class='ocrx_word' id='word_1_125' title='bbox 279 1451 298 1477; x_wconf 87' lang='lat' dir='ltr'>a</span> <span class='ocrx_word' id='word_1_126' title='bbox 332 1450 568 1491; x_wconf 73' lang='lat' dir='ltr'>quacunque</span> <span class='ocrx_word' id='word_1_127' title='bbox 602 1448 726 1480; x_wconf 79' lang='lat' dir='ltr'>aetate</span> <span class='ocrx_word' id='word_1_128' title='bbox 749 1469 760 1488; x_wconf 90' lang='lat'>‚</span> <span class='ocrx_word' id='word_1_129' title='bbox 810 1441 970 1491; x_wconf 77' lang='lat' dir='ltr'>inssiper</span> <span class='ocrx_word' id='word_1_130' title='bbox 1003 1443 1294 1493; x_wconf 54' lang='lat' dir='ltr'>expedtandaffi</span> <span class='ocrx_word' id='word_1_131' title='bbox 1344 1444 1406 1483; x_wconf 84' lang='lat' dir='ltr'>sed</span> 
     </span>
     <span class='ocr_line' id='line_1_21' title="bbox 140 1500 1409 1558; baseline 0.005 -19"><span class='ocrx_word' id='word_1_132' title='bbox 140 1500 220 1553; x_wconf 79' lang='lat' dir='ltr'>ipsa</span> <span class='ocrx_word' id='word_1_133' title='bbox 257 1500 350 1540; x_wconf 78' lang='lat' dir='ltr'>haec</span> <span class='ocrx_word' id='word_1_134' title='bbox 386 1502 598 1542; x_wconf 80' lang='lat' dir='ltr'>methodus</span> <span class='ocrx_word' id='word_1_135' title='bbox 633 1502 825 1556; x_wconf 89' lang='lat' dir='ltr'>requirit,</span> <span class='ocrx_word' id='word_1_136' title='bbox 860 1512 906 1542; x_wconf 87' lang='lat' dir='ltr'>vt</span> <span class='ocrx_word' id='word_1_137' title='bbox 941 1504 1052 1555; x_wconf 84' lang='lat' dir='ltr'>prius</span> <span class='ocrx_word' id='word_1_138' title='bbox 1085 1516 1216 1543; x_wconf 84' lang='lat' dir='ltr'>annua</span> <span class='ocrx_word' id='word_1_139' title='bbox 1244 1506 1409 1558; x_wconf 86' lang='lat' dir='ltr'>quaeuis</span> 
     </span>
     <span class='ocr_line' id='line_1_22' title="bbox 139 1564 1408 1622; baseline 0.003 -18"><span class='ocrx_word' id='word_1_140' title='bbox 139 1564 351 1604; x_wconf 54' lang='lat' dir='ltr'>destructio</span> <span class='ocrx_word' id='word_1_141' title='bbox 385 1566 602 1605; x_wconf 78' lang='lat' dir='ltr'>innotescat</span> <span class='ocrx_word' id='word_1_142' title='bbox 636 1577 676 1606; x_wconf 90' lang='lat' dir='ltr'>et</span> <span class='ocrx_word' id='word_1_143' title='bbox 709 1566 803 1605; x_wconf 85' lang='lat' dir='ltr'>haec</span> <span class='ocrx_word' id='word_1_144' title='bbox 857 1564 1021 1622; x_wconf 62' lang='lat' dir='ltr'>quidem</span> <span class='ocrx_word' id='word_1_145' title='bbox 1074 1579 1205 1606; x_wconf 76' lang='lat' dir='ltr'>annua</span> <span class='ocrx_word' id='word_1_146' title='bbox 1260 1571 1408 1608; x_wconf 82' lang='lat' dir='ltr'>matri·</span> 
     </span>
     <span class='ocr_line' id='line_1_23' title="bbox 140 1627 1407 1671; baseline 0.002 -4"><span class='ocrx_word' id='word_1_147' title='bbox 140 1628 381 1667; x_wconf 85' lang='lat' dir='ltr'>moniorum</span> <span class='ocrx_word' id='word_1_148' title='bbox 417 1629 633 1669; x_wconf 60' lang='lat' dir='ltr'>destructio</span> <span class='ocrx_word' id='word_1_149' title='bbox 669 1642 763 1669; x_wconf 92' lang='lat' dir='ltr'>cum</span> <span class='ocrx_word' id='word_1_150' title='bbox 802 1627 924 1667; x_wconf 83' lang='lat' dir='ltr'>nullis</span> <span class='ocrx_word' id='word_1_151' title='bbox 959 1627 1089 1667; x_wconf 77' lang='lat' dir='ltr'>adhuc</span> <span class='ocrx_word' id='word_1_152' title='bbox 1123 1630 1222 1668; x_wconf 91' lang='lat' dir='ltr'>dum</span> <span class='ocrx_word' id='word_1_153' title='bbox 1276 1631 1407 1671; x_wconf 88' lang='lat' dir='ltr'>obser-</span> 
     </span>
     <span class='ocr_line' id='line_1_24' title="bbox 139 1691 1407 1740; baseline 0.003 -9"><span class='ocrx_word' id='word_1_154' title='bbox 139 1691 365 1731; x_wconf 81' lang='lat' dir='ltr'>vationibus</span> <span class='ocrx_word' id='word_1_155' title='bbox 400 1692 523 1731; x_wconf 83' lang='lat' dir='ltr'>fuerit</span> <span class='ocrx_word' id='word_1_156' title='bbox 556 1692 822 1734; x_wconf 80' lang='lat' dir='ltr'>determinata</span> <span class='ocrx_word' id='word_1_157' title='bbox 845 1721 857 1740; x_wconf 92' lang='lat'>,</span> <span class='ocrx_word' id='word_1_158' title='bbox 910 1691 1131 1732; x_wconf 76' lang='lat' dir='ltr'>videndum</span> <span class='ocrx_word' id='word_1_159' title='bbox 1169 1691 1273 1733; x_wconf 89' lang='lat' dir='ltr'>mihi</span> <span class='ocrx_word' id='word_1_160' title='bbox 1322 1705 1407 1736; x_wconf 81' lang='lat' dir='ltr'>erat</span> 
     </span>
     <span class='ocr_line' id='line_1_25' title="bbox 138 1754 1406 1810; baseline 0.002 -15"><span class='ocrx_word' id='word_1_161' title='bbox 138 1767 269 1795; x_wconf 84' lang='lat' dir='ltr'>annon</span> <span class='ocrx_word' id='word_1_162' title='bbox 299 1754 456 1795; x_wconf 81' lang='lat' dir='ltr'>calculo</span> <span class='ocrx_word' id='word_1_163' title='bbox 490 1754 611 1809; x_wconf 77' lang='lat' dir='ltr'>posset</span> <span class='ocrx_word' id='word_1_164' title='bbox 644 1759 691 1797; x_wconf 80' lang='lat' dir='ltr'>ad</span> <span class='ocrx_word' id='word_1_165' title='bbox 741 1754 933 1809; x_wconf 76' lang='lat' dir='ltr'>quamuis</span> <span class='ocrx_word' id='word_1_166' title='bbox 989 1765 1157 1796; x_wconf 77' lang='lat' dir='ltr'>aetatem</span> <span class='ocrx_word' id='word_1_167' title='bbox 1212 1756 1406 1810; x_wconf 88' lang='lat' dir='ltr'>definiri,</span> 
     </span>
     <span class='ocr_line' id='line_1_26' title="bbox 140 1818 1404 1870; baseline 0.004 -14"><span class='ocrx_word' id='word_1_168' title='bbox 140 1818 247 1870; x_wconf 89' lang='lat' dir='ltr'>quod</span> <span class='ocrx_word' id='word_1_169' title='bbox 280 1819 490 1870; x_wconf 84' lang='lat' dir='ltr'>negotium</span> <span class='ocrx_word' id='word_1_170' title='bbox 536 1832 588 1858; x_wconf 86' lang='lat' dir='ltr'>ex</span> <span class='ocrx_word' id='word_1_171' title='bbox 643 1819 832 1859; x_wconf 81' lang='lat' dir='ltr'>sententia</span> <span class='ocrx_word' id='word_1_172' title='bbox 884 1818 1088 1867; x_wconf 69' lang='lat' dir='ltr'>succeffit3</span> <span class='ocrx_word' id='word_1_173' title='bbox 1144 1819 1225 1857; x_wconf 85' lang='lat' dir='ltr'>iam</span> <span class='ocrx_word' id='word_1_174' title='bbox 1278 1821 1404 1865; x_wconf 50' lang='lat' dir='ltr'>igitur</span> 
     </span>
     <span class='ocr_line' id='line_1_27' title="bbox 141 1879 1406 1936; baseline 0.008 -20"><span class='ocrx_word' id='word_1_175' title='bbox 141 1881 313 1921; x_wconf 88' lang='lat' dir='ltr'>modum</span> <span class='ocrx_word' id='word_1_176' title='bbox 346 1883 527 1925; x_wconf 70' lang='lat' dir='ltr'>indicabo</span> <span class='ocrx_word' id='word_1_177' title='bbox 549 1914 559 1933; x_wconf 83' lang='lat'>‚</span> <span class='ocrx_word' id='word_1_178' title='bbox 593 1895 677 1936; x_wconf 86' lang='lat' dir='ltr'>quo</span> <span class='ocrx_word' id='word_1_179' title='bbox 709 1883 754 1923; x_wconf 82' lang='lat' dir='ltr'>ad</span> <span class='ocrx_word' id='word_1_180' title='bbox 788 1879 959 1924; x_wconf 61' lang='lat' dir='ltr'>due&#39;tum</span> <span class='ocrx_word' id='word_1_181' title='bbox 995 1881 1148 1920; x_wconf 79' lang='lat' dir='ltr'>tabulae</span> <span class='ocrx_word' id='word_1_182' title='bbox 1171 1912 1182 1930; x_wconf 87' lang='lat'>‚</span> <span class='ocrx_word' id='word_1_183' title='bbox 1220 1894 1406 1936; x_wconf 53' lang='lat' dir='ltr'>paragra*</span> 
     </span>
     <span class='ocr_line' id='line_1_28' title="bbox 139 1944 1403 2000; baseline 0.007 -19"><span class='ocrx_word' id='word_1_184' title='bbox 139 1944 225 1996; x_wconf 71' lang='lat' dir='ltr'>pho</span> <span class='ocrx_word' id='word_1_185' title='bbox 257 1944 365 1984; x_wconf 70' lang='lat' dir='ltr'>s2xto</span> <span class='ocrx_word' id='word_1_186' title='bbox 398 1947 623 1987; x_wconf 66' lang='lat' dir='ltr'>subiunftzie</span> <span class='ocrx_word' id='word_1_187' title='bbox 645 1977 656 1994; x_wconf 87' lang='lat'>‚</span> <span class='ocrx_word' id='word_1_188' title='bbox 694 1959 768 2000; x_wconf 89' lang='lat' dir='ltr'>pro</span> <span class='ocrx_word' id='word_1_189' title='bbox 799 1956 941 1999; x_wconf 73' lang='lat' dir='ltr'>qimuzs</span> <span class='ocrx_word' id='word_1_190' title='bbox 977 1954 1099 1984; x_wconf 79' lang='lat' dir='ltr'>aetate</span> <span class='ocrx_word' id='word_1_191' title='bbox 1119 1944 1291 1987; x_wconf 89' lang='lat' dir='ltr'>vlterior</span> <span class='ocrx_word' id='word_1_192' title='bbox 1316 1961 1403 1990; x_wconf 79' lang='lat' dir='ltr'>ma-</span> 
     </span>
     <span class='ocr_line' id='line_1_29' title="bbox 139 2008 1193 2059; baseline 0.002 -13"><span class='ocrx_word' id='word_1_193' title='bbox 139 2008 434 2051; x_wconf 84' lang='lat' dir='ltr'>trimoniorum</span> <span class='ocrx_word' id='word_1_194' title='bbox 468 2011 632 2053; x_wconf 83' lang='lat' dir='ltr'>duratio</span> <span class='ocrx_word' id='word_1_195' title='bbox 668 2011 799 2052; x_wconf 82' lang='lat' dir='ltr'>media</span> <span class='ocrx_word' id='word_1_196' title='bbox 835 2008 1015 2059; x_wconf 74' lang='lat' dir='ltr'>indagari</span> <span class='ocrx_word' id='word_1_197' title='bbox 1047 2008 1193 2049; x_wconf 79' lang='lat' dir='ltr'>debeat.</span> 
     </span>
    </p>
   </div>
   <div class='ocr_carea' id='block_1_4' title="bbox 1252 2108 1395 2155">
    <p class='ocr_par' dir='ltr' id='par_1_4' title="bbox 1252 2108 1395 2155">
     <span class='ocr_line' id='line_1_30' title="bbox 1252 2108 1395 2155; baseline -0.042 0"><span class='ocrx_word' id='word_1_198' title='bbox 1252 2108 1287 2155; x_wconf 71' lang='lat'>§-</span> <span class='ocrx_word' id='word_1_199' title='bbox 1327 2121 1395 2149; x_wconf 86' lang='lat'>11.</span> 
     </span>
    </p>
   </div>
  </div>
 </body>
</html>
