2008 2735
544 202 707 246 3'70-⁴
922 186 1038 233 DE
1101 185 1422 233 CVPRO

533 306 819 349 calamia-arem
872 303 1008 359 ipsum
1058 303 1274 355 additum,
1326 316 1431 346 nunc
1486 300 1527 342 in
1561 301 1648 346 eius
1683 311 1804 344 natu-

533 384 623 413 razn
672 369 835 412 deuolui
887 370 1014 412 debet.
1116 370 1282 412 Accedit
1333 369 1441 423 quod
1473 379 1549 420 pro
1580 369 1807 422 quantitate

534 437 663 477 addita
695 445 735 476 et
772 445 846 487 pro
876 436 963 474 eius
998 433 1174 488 puritate
1221 433 1334 477 color
1387 445 1546 489 quoque
1601 431 1808 475 Orichalci

534 512 636 540 nunc
671 500 796 552 magis
832 498 998 540 rufescat
1035 509 1140 538 nunc
1173 497 1367 539 flauescat.
1448 497 1735 539 Malle-abilitas
1771 508 1813 538 et

533 565 739 605 clasticitas
775 562 893 603 huius
930 562 1085 604 metalli
1121 561 1364 617 plerumque
1397 562 1509 603 varia
1543 563 1778 603 obseruatur
1800 593 1812 614 ‚

534 629 675 681 prouti
730 627 818 683 plus
874 627 938 669 vel
991 627 1126 668 minus
1170 625 1314 680 lapidis
1345 626 1596 668 calaminaris
1629 627 1813 667 additum

531 693 665 734 fuerit.
732 694 846 750 Quin
881 693 1016 732 immo
1048 692 1271 732 differentes
1315 691 1589 734 calcinationis
1633 693 1776 744 gradus
1807 722 1818 742 ,

535 758 576 796 in
613 756 854 798 vstulitione
889 757 1031 811 lapidis
1066 755 1320 797 calaminaris
1354 755 1548 798 adhibitae
1571 786 1581 806 ‚
1633 767 1672 796 et
1717 769 1816 797 cou⁶

535 822 692 863 st'tutio
728 823 806 876 ipsa
843 821 964 862 huius
1000 822 1209 872 minerae,
1261 820 1435 861 diuersos
1470 830 1630 874 quoque
1682 819 1817 860 clasti-

534 887 666 926 citatis
699 887 844 938 gradus
878 885 1097 928 Orichalco
1127 883 1360 926 conciliant.

687 963 963 1006 Curiosiffima
1036 977 1136 1005 vero
1203 964 1481 1018 phaenomena
1545 974 1667 1019 eaque
1735 973 1816 1003 non

536 1029 723 1068 omnibus
757 1038 796 1067 ct
832 1028 996 1079 singulis
1028 1028 1161 1068 adhuc
1217 1037 1342 1076 nota,
1397 1028 1592 1068 exhibent
1641 1027 1819 1068 diuersae

538 1092 679 1146 spec3e5
715 1091 922 1133 Orichalci
955 1101 1048 1141 erga
1085 1101 1314 1141 magnetem
1349 1089 1396 1129 de
1430 1091 1573 1142 quibus
1622 1089 1818 1130 nonnulla

540 1157 582 1197 iu
615 1157 932 1212 praesentiarum
968 1153 1226 1208 expositurus
1262 1154 1361 1194 sum.

691 1243 720 1292 §.
758 1256 796 1291 4.
848 1241 958 1281 Ante
999 1251 1177 1293 quatuor
1199 1270 1210 1289 ,
1259 1247 1298 1278 et
1332 1237 1440 1290 quod
1475 1235 1661 1277 excurrit
1697 1248 1824 1278 annos

535 1306 578 1348 in
612 1305 955 1359 Epliemeridibus
988 1306 1120 1345 societ.
1155 1304 1251 1355 Reg.
1288 1300 1434 1342 Scient.
1474 1300 1646 1340 Londin.
1688 1301 1825 1352 paucis

539 1380 699 1412 tantum
753 1371 1036 1422 indigitabatur
1059 1399 1069 1419 ,
1121 1381 1143 1408 a
1179 1365 1306 1408 Gallo
1340 1363 1514 1418 quodam
1551 1361 1822 1405 orichalcum

539 1435 815 1488 magneticum
850 1435 1109 1476 obseruatum
1167 1429 1291 1472 fuiffe.
1390 1428 1483 1480 Ego
1531 1429 1710 1468 nouitate
1762 1428 1822 1469 rei

537 1510 711 1554 capt-us,
760 1497 860 1541 hanc
910 1497 1233 1539 obseruationem
1293 1491 1483 1534 vlteriori
1539 1493 1727 1533 examine
1761 1495 1827 1535 di-

541 1577 665 1616 gnam
700 1564 832 1604 censui
869 1572 909 1602 et
955 1575 1024 1615 per
1079 1561 1260 1602 instituta
1313 1559 1592 1612 experimenta
1652 1557 1824 1608 inueni,

543 1628 651 1668 hunc
707 1627 1030 1677 m.1gnetismum
1084 1638 1105 1665 a
1158 1624 1338 1677 partibus
1392 1621 1640 1662 martialibus
1700 1620 1824 1674 lapidi

543 1691 781 1732 calaminari
818 1691 1025 1731 immixtis
1055 1700 1095 1730 et
1131 1689 1171 1728 in
1204 1686 1508 1743 praeparatione
1526 1683 1732 1727 Otichalci
1755 1697 1826 1741 per

537 1756 771 1808 Phlogiston
806 1755 961 1797 reuuffi
996 1754 1228 1807 dependere.

687 1847 714 1897 §.
757 1856 794 1894 ς.
846 1846 964 1902 Lapis
1014 1846 1260 1886 calamitum-is
1299 1842 1352 1896 cst
1386 1850 1518 1897 corpus
1553 1842 1733 1883 minet-ale
1761 1842 1825 1895 fi)-

538 1909 649 1950 lidum
672 1941 681 1959 ‚
737 1911 869 1953 durum
904 1942 914 1961 ‚
956 1911 1054 1961 satis
1083 1908 1342 1966 ponderosum,
1377 1906 1509 1947 coloris
1544 1919 1637 1947 nunc
1672 1907 1823 1950 obscure

526 1973 628 2026 susci
676 1986 766 2015 mmo
817 1975 1008 2016 dilutioris
1031 2007 1041 2026 ‚
1089 1973 1275 2015 interdum
1317 1970 1454 2028 pallide
1502 1971 1746 2020 flauescemis
1782 1980 1822 2011 ct

538 2036 755 2085 albescentis
789 2053 838 2080 ex
869 2041 974 2080 zinco
997 2072 1006 2090 ‚
1057 2038 1162 2088 ferro
1185 2069 1196 2088 ‚
1247 2044 1284 2078 et
1312 2046 1422 2078 terra
1460 2035 1620 2087 quadam
1656 2035 1821 2076 alcalina

524 2097 675 2158 semper
706 2104 906 2158 conflatum
928 2136 939 2157 ‚
979 2105 1088 2160 sorte
1109 2102 1275 2159 fortuito
1309 2113 1375 2143 non
1412 2113 1500 2143 raro
1535 2110 1575 2143 ec
1612 2098 1689 2142 alia
1742 2110 1823 2137 me·

1734 2159 1830 2201 talla
