2008 2735
581 204 671 252 356
929 193 1045 240 DE
1109 192 1549 240 GLACIE·

580 315 816 368 plerumque
852 312 932 351 iam
969 311 1113 352 nidum
1150 310 1399 352 inuenerunt.
1502 309 1583 352 Iter
1636 323 1731 353 vero
1784 313 1840 354 ita

581 379 795 430 dirigunt,
848 384 894 415 vt
942 376 1047 416 circa
1105 375 1265 416 Festum
1301 376 1408 416 Petri
1442 386 1482 417 et
1518 373 1626 416 Pauli
1663 376 1842 417 fluuium

583 443 724 485 Mania
758 441 837 479 iam
871 438 1081 489 attingant.
1148 438 1327 479 Vlterius
1362 449 1498 481 autem
1533 440 1717 480 rimando
1740 454 1843 481 uon-

582 510 682 550 dum
734 512 1042 558 peruenerunt,
1090 514 1216 556 neque
1262 504 1309 544 ad
1346 504 1493 544 ostium
1533 504 1703 545 Vx‘it'uiii
1740 506 1846 546 abire

585 570 667 613 ausi
704 569 822 618 sunt,
860 568 910 607 ob
944 577 1063 621 rupes
1099 575 1139 606 ct
1174 577 1331 608 montes
1365 567 1414 607 ibi
1448 566 1684 619 altissimos,
1719 580 1847 609 aeter-

584 647 712 690 naque
746 634 786 674 in
825 633 974 672 vertice
1009 632 1102 671 niue
1138 631 1275 672 teetos.
1375 631 1495 672 Pisces
1529 635 1693 685 capiunt
1716 665 1725 683 ‚
1776 633 1848 684 qui

585 701 627 741 in
661 696 869 739 exstrueris
902 695 1058 737 aedibus
1089 694 1280 735 restitant.
1374 695 1625 746 Indagatores
1658 698 1754 738 feras
1787 698 1851 737 in-

584 763 793 806 sec'tantur.
877 760 1090 803 Societates
1141 760 1320 800 reditum
1375 769 1512 812 parant
1547 761 1646 802 circa
1683 762 1851 802 initium

584 826 832 882 Septembris
855 855 866 875 ‚
926 825 988 866 sed
1022 822 1217 865 subsistere
1247 834 1448 875 coguntur
1480 824 1527 864 ad
1563 836 1712 877 pagum
1750 835 1856 865 trans

590 892 732 934 Lenam
761 889 1034 940 extructum,
1084 901 1107 930 e
1143 889 1306 940 regione
1340 887 1484 928 Witimi
1516 889 1601 929 ostii
1629 919 1639 937 ,
1672 890 1800 943 ibique
1835 901 1857 929 a

591 956 800 998 visitatore
835 956 1012 1008 quodam
1035 984 1045 1003 ‚
1075 951 1221 1002 Jacutia
1255 950 1372 994 misso
1395 983 1405 1003 ‚
1444 954 1706 1006 expectantur
1729 985 1739 1001 ,
1788 953 1859 1008 qui

592 1021 800 1062 summam
836 1016 977 1069 glaciei
1011 1017 1182 1069 inquirit
1216 1029 1259 1059 ac
1295 1026 1540 1070 computat,
1587 1018 1762 1058 decimas
1816 1017 1862 1057 ab

594 1083 678 1125 iliis
713 1082 868 1130 sumit,
920 1079 987 1120 vel
1021 1079 1202 1118 nummis
1237 1077 1303 1118 vel
1339 1079 1418 1130 ipsa
1453 1079 1579 1129 glacie
1627 1080 1862 1129 soluendas;

595 1148 769 1199 hincque
820 1151 860 1183 et
910 1139 1105 1184 minerale
1155 1140 1232 1181 hoc
1291 1152 1500 1193 perperam
1536 1154 1682 1183 nomen
1720 1143 1859 1194 glaciei

598 1210 754 1252 Mariae
786 1204 1001 1246 Iacutcnsss
1036 1204 1226 1243 sortitum
1259 1203 1314 1241 est
1337 1231 1348 1250 ,
1400 1213 1496 1241 cum
1532 1201 1631 1240 infra
1672 1204 1863 1246 Witt'mum

597 1271 703 1315 illud
752 1268 913 1325 prorsus
965 1267 1140 1320 exspiret
1171 1296 1182 1315 ‚
1243 1276 1372 1318 neque
1420 1263 1638 1317 vestigium
1690 1267 1868 1321 amplius

601 1346 686 1378 tam
721 1335 769 1376 ad
801 1343 994 1375 oceanum
1029 1328 1377 1385 septentrionalem
1410 1340 1558 1381 vsque,
1591 1341 1712 1383 quam
1732 1332 1870 1373 orien-

599 1401 722 1442 talem
759 1397 902 1439 abhinc
934 1396 1130 1450 adpareat.
1213 1393 1496 1435 Instrumentis
1528 1403 1697 1434 vtuntur
1732 1393 1870 1437 Gosti·

602 1479 652 1507 na
674 1497 686 1518 ‚
722 1461 871 1504 malleo
906 1458 985 1501 scil.
1023 1457 1352 1514 ponderosissimo
1373 1488 1384 1502 ,
1424 1469 1507 1511 quo
1538 1459 1747 1500 matricem
1780 1459 1869 1513 gla-

601 1530 675 1572 ciei
709 1527 951 1579 diffringunt
986 1522 1026 1579 2)
1061 1524 1155 1567 Biui
1189 1525 1344 1576 semper
1378 1521 1529 1563 ferrum
1561 1522 1688 1564 Kerka
1709 1523 1867 1566 habent.

609 1595 659 1645 3)
696 1591 981 1645 Vnusquisque
1016 1587 1155 1642 spatha
1188 1587 1348 1640 insuper
1382 1587 1507 1631 ferrea
1543 1586 1771 1639 instruitur,
1790 1600 1867 1642 qua

604 1664 845 1700 remoueant
881 1664 1030 1695 terram
1066 1662 1106 1692 et
1140 1651 1290 1706 lapides
1345 1649 1388 1702 4)
1425 1649 1565 1694 Mallei
1597 1653 1747 1704 praesto
1779 1652 1869 1694 sunt

613 1720 656 1777 5)
706 1719 890 1762 Fustibus
939 1726 1151 1769 vtuntur,
1202 1716 1252 1757 ad
1302 1714 1450 1769 lapides
1500 1718 1665 1768 grandes
1716 1729 1738 1756 e
1780 1715 1871 1759 loco

611 1785 846 1830 monendos

760 1849 946 1889 Tantum
996 1846 1044 1887 de
1099 1845 1253 1896 mod0‚
1305 1857 1386 1900 quo
1435 1843 1603 1897 glaciem
1649 1847 1797 1887 mariae
1831 1845 1874 1887 in

612 1910 758 1956 Sibiria
791 1911 995 1953 effodiunt.
1063 1907 1254 1963 Sequitur
1275 1939 1286 1961 ,
1318 1921 1364 1951 vt
1395 1909 1442 1952 de
1475 1907 1572 1950 locis
1603 1909 1878 1964 dispiciamus,

611 1990 636 2017 e
687 1976 865 2029 quibus,
924 1975 1224 2016 itinerator-ibus
1275 1975 1418 2016 nostris
1468 1973 1627 2014 testibus
1674 1974 1874 2020 effoditur.

617 2041 754 2093 Rupes
790 2041 967 2092 ingentes
1000 2040 1090 2080 sunt
1110 2070 1122 2090 ‚
1155 2047 1456 2087 concatenatae,
1489 2037 1610 2089 syluis
1642 2039 1847 2080 vmbrosae
1867 2069 1878 2089 ‚

620 2104 830 2160 irriguae,
874 2102 983 2149 haud
1014 2104 1159 2148 scilicet
1191 2102 1336 2160 procul
1367 2115 1389 2146 a
1416 2100 1548 2145 fluuio
1581 2112 1758 2147 remotae
1778 2130 1788 2149 ,
1835 2109 1879 2141 et

1760 2174 1872 2218 prae·
