2008 2735
353 142 1184 190 INTESTINORVM.
1306 162 1395 200 423

124 260 358 312 embryonis
410 259 528 300 latior
561 290 574 311 ‚
637 260 680 300 in
732 259 863 300 media
916 271 1030 312 purte
1081 262 1285 311 angustior
1335 263 1399 303 est.

125 324 342 366 Eiusmodi
395 336 493 377 ergo
548 334 639 364 tum
693 336 854 378 quoque
906 335 980 363 ene
1033 324 1211 377 figuram
1246 327 1402 367 areolae

125 389 208 431 iam
245 391 341 431 d.xi.
435 389 516 431 Die
553 390 681 430 tertio·
710 388 830 430 finito
861 391 1036 440 embryo
1074 391 1201 442 magis
1236 400 1400 432 contra·

125 453 238 496 hitur
259 487 270 505 ,
307 465 351 496 vt
383 465 501 509 caput
533 460 701 495 caudam
739 464 874 506 tangat
896 486 907 506 ,
959 465 999 496 et
1033 455 1074 495 in
1108 454 1303 496 finistram
1340 455 1401 496 la-

124 529 186 561 tus
219 521 431 561 decumbit.
537 520 643 561 Hinc
677 518 1003 561 circumferentia
1050 518 1215 561 resultat
1238 551 1249 571 ,
1300 531 1400 574 quae

122 585 164 625 in
197 584 317 625 latere
350 585 582 637 embryonis
616 584 810 626 anteriori
833 616 843 636 ,
892 585 998 638 quod
1035 584 1245 639 speetatori
1297 587 1399 625 dex-

122 644 236 690 tr'um
270 651 324 691 est
347 682 357 701 ‚
404 649 510 691 linea
544 649 651 691 resta
674 680 688 700 5
738 651 777 690 in
820 651 1029 703 posteriori
1063 660 1201 691 autem
1226 681 1237 700 ,
1289 649 1417 703 quod*

119 724 283 756 curuata
317 715 426 768 spina
461 715 605 755 dorsali
640 714 817 756 efficitur
841 746 852 766 ‚
904 727 1028 757 curua
1062 714 1165 754 linea
1199 716 1402 756 termina·-

122 790 202 820 tur.
305 779 567 821 kxaCtiffime
617 789 715 822 tunc
771 792 930 833 quoque
982 780 1150 820 eandem
1220 779 1400 832 figuram

119 843 251 886 areola
300 844 514 898 exprimit.
617 843 806 898 Denique
862 847 926 886 die
957 846 1104 899 quinto
1138 843 1259 886 finito
1293 857 1400 887 noua

119 901 294 951 vesicula
330 910 488 951 suborta
521 909 738 960 embryoni
782 908 1004 960 adhaeret,
1055 910 1217 962 eiusque
1269 908 1398 951 limiti

117 974 310 1015 anteriori
345 975 668 1014 additamentum
704 973 927 1023 conciliat,
979 973 1085 1013 vnde
1134 973 1202 1012 iste
1252 985 1399 1024 margo

115 1039 184 1091 qui
219 1037 352 1078 festus
388 1037 595 1088 hucusque
630 1044 715 1074 erat
748 1036 999 1076 curuilineus
1034 1034 1107 1084 fit,
1141 1046 1181 1075 et
1215 1044 1298 1075 tota
1332 1049 1399 1077 er-

113 1112 168 1152 go
200 1101 437 1153 embryonis
471 1100 799 1141 circumferentia
834 1102 1010 1142 rotunda
1042 1101 1122 1140 fere
1158 1112 1266 1142 nunc
1300 1113 1399 1142 eua-

112 1166 182 1218 dit.
249 1165 356 1207 Hinc
391 1165 478 1206 loco
508 1165 661 1206 areolae
694 1164 849 1207 vltimo
883 1177 1069 1221 tempore
1098 1164 1272 1206 annulus
1306 1165 1398 1222 pel'-

115 1229 271 1271 lucidus
304 1240 471 1283 quoque.
502 1229 621 1270 adest„

262 1359 292 1408 §2
331 1370 403 1406 2‘4.
461 1358 575 1400 Haec
620 1368 725 1409 ergo·
763 1358 895 1400 areol'a
918 1390 930 1411 ‚
985 1358 1278 1414 phaenomenis
1314 1358 1394 1400 fuis
1416 1367 1562 1403 Areoiae

114 1423 211 1465 adeo
243 1423 429 1464 notabilis
452 1455 463 1473 ‚
497 1434 537 1464 et
573 1422 790 1464 notabilior
827 1424 947 1478 longe
981 1425 1070 1465 ideo
1091 1457 1102 1475 ,
1136 1427 1245 1480 quod
1281 1426 1390 1466 sum·
1417 1420 1602 1467 explicatio.

113 1490 194 1529 mis
225 1488 540 1529 obseruatoribus
561 1521 572 1540 ,
623 1486 808 1530 Har-meo
833 1521 844 1540 ,
896 1489 1109 1546 Malpighl‘o
1142 1500 1184 1532 et
1231 1489 1393 1531 Hallero

112 1553 372 1607 imposuerit,
408 1556 505 1607 quid
541 1554 704 1607 proprie
739 1552 810 1608 fit,
848 1567 953 1595 nune
980 1557 1201 1608 quaeritur.
1272 1553 1391 1595 Har-

110 1629 230 1660 vaeus
262 1617 630 1672 colliquamentum
668 1629 786 1659 vocat
817 1629 858 1659 et
890 1621 1079 1660 amnium
1112 1618 1188 1660 effe
1229 1619 1354 1660 credit
1378 1650 1391 1671 ,

113 1680 272 1736 (Exere.
308 1684 431 1725 XVI.
466 1685 512 1725 ad
549 1681 691 1732 finem)
728 1683 968 1740 Malpighius
1019 1682 1144 1725 fimili
1195 1683 1392 1725 vocabulo

111 1759 201 1788 eam
236 1749 397 1789 denotat
420 1781 431 1800 ,
464 1750 526 1791 sed
561 1762 637 1804 pro
671 1749 819 1790 chorio
859 1749 1035 1801 agnoscit
1065 1748 1191 1803 (App.
1229 1759 1317 1802 pag.
1351 1758 1387 1796 5.

111 1811 178 1863 fig.
221 1825 290 1853 22.
326 1813 420 1864 E.)
457 1814 646 1856 Hallerus
684 1813 789 1866 (sur
823 1812 859 1853 la
891 1813 1109 1855 formation
1153 1813 1206 1852 du
1253 1823 1387 1855 coeur.

113 1877 215 1917 Part.
252 1876 306 1917 11.
346 1879 431 1919 fest.
478 1877 562 1932 11.)
596 1879 830 1920 sententiam
866 1878 1044 1919 Haruaei
1078 1878 1263 1928 secutuS,
1310 1877 1391 1917 iti-

113 1942 204 1982 dem
249 1954 324 1995 pro
355 1943 482 1985 amnii
521 1943 753 1998 primordio
785 1944 970 1995 accepit,
1021 1943 1187 1996 eiusque
1227 1941 1387 1983 variam

116 2007 441 2058 magnitudinem
492 2011 539 2049 ad
592 2008 779 2048 medium
829 2009 938 2048 diem
995 2019 1188 2060 quartum
1227 2018 1387 2060 vsque,

113 2070 179 2112 vbi
212 2083 303 2113 eam
339 2073 535 2127 disparere
568 2074 712 2114 monui
733 2104 745 2126 ‚
795 2072 999 2129 dimensus
1032 2073 1097 2115 est.
1193 2071 1243 2114 In
1287 2070 1387 2113 Ele-

1266 2148 1387 2177 men-
