2008 2735
540 206 628 245 372
922 187 1037 231 DE
1102 188 1422 232 CVPRO

690 304 736 356 1)
776 302 842 344 Ex
878 300 1070 357 lapidibus
1104 302 1407 345 miamin-aribus
1439 303 1641 356 sequentes
1680 314 1804 359 expe-

528 370 716 413 rimentis
753 368 853 407 meis
885 368 1082 418 adhibui,
1136 381 1280 423 eosque
1331 368 1474 410 crudos
1523 379 1544 407 a
1596 379 1663 411 me
1719 369 1807 424 ipso

528 435 707 492 piurima
741 444 793 474 ex
829 442 940 485 parte
971 432 1173 473 collenos.

677 511 725 555 α)
761 511 893 564 Aquis
927 510 1161 560 granensem
1193 509 1448 550 duriffimum
1473 541 1485 561 ,
1541 510 1712 552 saturato
1746 509 1810 550 fil-

526 577 634 617 scum
657 607 668 626 ‚
700 575 770 629 qui
809 587 878 628 per
911 572 1218 615 calcinationem
1252 575 1464 626 vulgarem
1499 587 1549 615 ex
1585 573 1698 617 luteo
1730 583 1805 614 ru-

523 640 631 681 fescit
652 671 663 691 ‚
717 651 786 695 per
839 640 1052 680 fortiorem
1077 671 1088 691 ,
1124 640 1293 691 nigrum
1327 639 1421 680 ferri
1456 640 1637 682 colorem
1672 638 1805 694 adipi-

526 705 658 747 scitur.

679 766 719 823 h)
770 768 1137 822 Aquisgranensem
1191 767 1349 809 flauum
1383 781 1464 808 non
1499 781 1621 823 aeque
1653 769 1808 810 durum

521 845 565 873 ac
601 835 830 876 antecedens
851 867 862 885 ‚
900 848 968 889 pst
1002 834 1321 875 calcinationem
1356 832 1636 874 flauescentem
1658 862 1672 884 ,
1722 834 1808 874 for-

525 899 678 941 tiffimo
714 901 806 950 igne
844 900 1145 950 nigrescentem.

680 975 723 1023 c)
777 975 1072 1016 Brilouiensem
1121 987 1173 1014 ex
1227 975 1480 1028 westphalia
1504 1007 1516 1027 ,
1566 972 1810 1018 ochraceum

525 1050 599 1094 per
633 1038 941 1080 calcinatiouem
976 1040 1149 1078 satutare
1188 1039 1462 1079 rufescentem.

677 1117 719 1167 d)
754 1116 820 1157 Ex
856 1115 1219 1157 Tarnouicensibus
1255 1127 1306 1156 ex
1341 1114 1480 1156 Siiefia
1517 1117 1731 1169 superiori.

677 1195 723 1245 α)
767 1194 943 1235 Obscure
987 1195 1110 1235 fuscus
1163 1205 1233 1246 prr
1283 1194 1590 1234 calcinationem
1644 1193 1806 1236 solitam

523 1257 719 1298 rufescens
743 1288 754 1309 ‚
807 1257 1023 1298 fortissimo
1075 1258 1167 1308 igne
1201 1266 1291 1295 ante
1327 1255 1440 1296 folles
1476 1257 1618 1309 prunis
1655 1258 1808 1297 imme·

521 1322 629 1364 diate
661 1323 831 1363 iniestus
859 1332 901 1363 et
935 1321 1154 1364 calcinatus
1177 1350 1188 1369 ,
1225 1329 1334 1359 totns
1368 1320 1487 1371 niger
1517 1328 1558 1358 et
1592 1319 1812 1373 martialis,

673 1399 720 1457 β)
758 1403 914 1444 Luteus
953 1402 1078 1442 durus
1127 1399 1342 1441 ochraceus
1393 1399 1537 1440 eodem
1589 1399 1713 1442 modo
1763 1412 1809 1441 ac

522 1467 757 1509 antecedens
778 1499 791 1519 ‚
824 1467 861 1506 se
899 1477 1055 1518 gerens.

680 1545 740 1602 γ)
788 1547 946 1589 Luteus
998 1543 1171 1587 mollior
1223 1544 1309 1598 post
1359 1540 1671 1586 calcinationem
1736 1541 1809 1585 fla-

524 1610 697 1653 vescens.

671 1689 716 1748 3)
751 1694 907 1736 Luteus
967 1691 1105 1734 mollis
1156 1692 1353 1742 friabilis,
1405 1691 1530 1743 nigris
1586 1690 1807 1732 arbusculis

518 1758 782 1811 conspicuus,
816 1757 1052 1799 lamellosus
1073 1789 1084 1808 ‚
1121 1767 1270 1798 terram
1303 1755 1559 1808 argillaceam
1594 1755 1803 1810 simulans,

521 1821 703 1866 colorem
740 1835 813 1878 per
845 1823 1160 1865 calcinationem
1194 1824 1270 1863 vix
1305 1830 1466 1862 mutans
1486 1850 1500 1873 ,

671 1904 840 1946 adhibiti
873 1906 976 1946 sunt.

668 1987 706 2030 e)
742 1982 1017 2025 Bohemicum
1051 1984 1101 2025 de
1133 1981 1334 2025 Tscheren
1370 1993 1495 2035 prope
1541 1979 1794 2024 Commoda-

517 2042 634 2087 viam
668 2049 858 2098 quamuis
893 2052 1030 2090 minus
1063 2049 1278 2102 adaequate
1331 2047 1383 2090 fic
1433 2046 1592 2089 diCtum
1630 2057 1683 2086 ex
1732 2044 1796 2086 ci·

516 2121 640 2153 nereo
672 2108 951 2156 flauescentem
985 2115 1234 2157 exammaui.
1611 2167 1668 2226 s)
1703 2168 1767 2212 M·

1757 2181 1793 2209 ι·
