2008 2735
509 152 615 193 ¹313
741 144 842 190 DE
909 140 1600 188 ELECTR-ICITATE

515 265 723 311 >Fut-arunt
755 261 865 302 enim
899 256 1117 309 Clarissimi
1152 259 1318 314 quidam
1353 259 1447 301 Viri
1469 289 1481 310 ‚
1532 257 1688 299 elucere
1737 272 1790 301 ex

519 329 718 371 eiusmodi
757 325 1046 380 phaenomenis
1072 355 1083 375 ‚
1134 325 1176 366 in
1214 337 1350 367 errore
1399 322 1547 366 versari
1594 323 1791 366 Franckli-

520 407 606 436 num
633 424 644 444 ,
693 393 790 432 dum
825 391 987 430 vitrum
1024 390 1214 430 materiae
1248 389 1452 432 electricae
1486 388 1791 442 impermeabile

518 459 594 499 esse
631 459 798 507 statuit,
851 468 931 496 non
963 455 1077 496 enim
1111 455 1269 508 concipi
1311 454 1415 509 posse
1468 464 1643 508 putant,
1689 464 1794 506 quo-

518 525 645 566 modo
680 532 850 576 vti-aque
884 521 985 561 vitri
1017 518 1242 572 superficies
1263 550 1274 571 ‚
1321 530 1363 561 et
1396 533 1459 570 ea,
1505 531 1606 572 quae
1641 520 1793 558 imme-

516 589 623 628 diate
658 587 824 627 fricatur
847 616 860 637 ‚
908 595 948 626 et
982 582 1166 638 oppofita
1187 615 1200 637 ‚
1250 584 1375 626 fimul
1411 583 1602 638 pofitiuae
1633 581 1795 624 electri-

517 666 584 694 cae
635 653 839 699 eund-ant,
891 649 964 691 nist
1018 649 1195 692 fluidum
1245 649 1485 691 electricum
1529 650 1655 703 ipiam
1692 646 1794 688 vitri

516 717 772 760 substantiam
809 714 1095 770 penetrauerit.

667 816 701 865 ξ.
742 816 812 853 26.
850 811 1054 853 Enodatio
1086 820 1227 854 autem
1280 809 1567 860 difficultatis,
1615 820 1667 850 ex
1719 807 1796 848 alia

520 881 698 935 quadam
734 878 926 918 materiae
959 876 1168 917 electricae
1203 876 1451 930 proprietate
1471 906 1483 925 ‚
1516 885 1617 928 quae
1651 874 1794 913 itidem

520 944 788 985 Francklinum
825 942 1083 981 inuentorem
1115 940 1262 990 habet,
1315 950 1399 980 tam
1448 939 1677 980 luculenter
1727 938 1798 976 de·

520 1009 614 1049 duci
651 1006 776 1060 potest
798 1035 809 1055 ‚
864 1014 912 1044 vt
949 1003 1373 1055 impermeabilitatem
1398 1034 1410 1054 ‚
1457 1006 1505 1044 de
1540 1003 1670 1056 qualis
1703 1014 1799 1041 mo-

521 1081 639 1112 vetur
663 1102 674 1121 ‚
709 1070 866 1121 penitus
900 1067 1146 1108 demonstret
1167 1098 1179 1118 ,
1231 1067 1355 1106 modo
1389 1067 1480 1104 iusta
1514 1068 1560 1105 de
1598 1066 1669 1104 hac
1703 1077 1798 1104 cor-

524 1148 677 1191 porum
716 1133 996 1187 proprietate,
1045 1144 1145 1185 quae
1190 1128 1549 1186 impermeabilitas
1600 1137 1798 1181 vocatur,

525 1201 638 1242 nobis
667 1201 893 1241 formemus
929 1195 1076 1236 ideam.

674 1294 705 1343 §.
747 1302 815 1342 27.
852 1291 990 1341 Dico,
1027 1290 1151 1331 modo
1186 1290 1281 1330 iusta
1314 1290 1513 1329 formetur
1547 1285 1672 1327 huius
1701 1300 1799 1341 pro-

523 1358 707 1417 prietatis
745 1357 849 1407 idea3
886 1358 1028 1400 videor
1061 1356 1173 1394 enim
1211 1353 1319 1394 mihi
1355 1354 1444 1394 iure
1480 1352 1644 1392 afferere
1678 1353 1802 1406 poste,

520 1438 594 1466 nec
634 1421 899 1463 Francklinum
922 1417 952 1471 ‚'
986 1432 1055 1460 nec
1087 1418 1159 1472 qui
1197 1419 1327 1472 ipsum
1361 1419 1583 1471 sequuntur
1605 1451 1614 1468 ‚
1667 1419 1801 1459 obser-

520 1487 626 1530 vafl‘e
648 1519 659 1539 ,
706 1485 781 1528 effe
815 1484 1110 1539 proprietatem
1134 1515 1144 1534 ‚
1196 1496 1296 1537 quae
1328 1482 1685 1537 impermeabilitas
1723 1495 1800 1523 vo-

521 1565 636 1594 catur
658 1582 670 1601 ‚
725 1563 819 1591 cum
865 1547 1058 1590 essentiali
1096 1561 1314 1601 corporum
1348 1560 1417 1602 per
1451 1549 1486 1588 se
1515 1547 1798 1589 electra-orum

522 1618 769 1673 proprietate
791 1646 802 1661 ,
836 1614 882 1654 de
915 1626 993 1666 qua
1028 1612 1299 1665 Phyficorum
1336 1626 1457 1654 nemo
1489 1612 1656 1661 dubitat,
1689 1618 1797 1664 quod

524 1694 598 1737 per
630 1679 747 1720 huius
782 1678 936 1731 generis
968 1690 1140 1732 corpora
1176 1678 1343 1719 materia
1388 1676 1569 1718 clee'trica
1621 1677 1801 1718 difficul-

523 1755 585 1788 ter
621 1749 656 1786 se
689 1745 885 1786 diffundat
906 1774 917 1793 ‚
975 1744 1132 1797 prorsus
1163 1745 1343 1785 eandem.
1434 1739 1552 1782 Cum
1586 1754 1685 1782 vcro
1721 1742 1798 1784 hoc

524 1811 566 1851 in
619 1811 752 1852 lucem
803 1809 1068 1850 iufficientcm
1121 1810 1204 1849 iam
1260 1807 1461 1863 posuerim
1485 1838 1497 1857 ‚
1550 1808 1700 1860 partim
1756 1807 1799 1847 in

525 1875 747 1916 Temamine
799 1886 878 1913 mco
930 1872 1117 1914 Theoriae
1170 1871 1382 1914 fleat-icit.
1431 1877 1466 1910 et
1513 1869 1766 1925 Magnetismi
1787 1901 1800 1921 ‚

527 1942 678 1992 p21rt³m
715 1942 754 1979 iu
791 1939 934 1980 Libro:
970 1936 1128 1979 Recuz’il
1156 1936 1202 1976 de
1235 1936 1316 1993 diff.
1352 1935 1461 1977 Mem
1507 1936 1572 1986 sur
1606 1935 1642 1977 la
1678 1935 1799 1978 'Iour-

524 2003 688 2055 mame,
714 2012 804 2059 pag.
846 2009 933 2054 187
957 2025 975 2032 -
1005 2015 1104 2054 190.
1140 2001 1255 2057 plura
1290 2001 1355 2044 hic
1389 2002 1532 2042 addere
1564 1999 1668 2042 nolo.

1647 2131 1681 2182 ᾗ.
1721 2134 1796 2171 28.
