2008 2735
594 230 686 269 524
779 216 862 258 DE
897 218 1337 263 PROPRIETATIB.
1373 220 1674 265 PLANTAR.

583 333 737 384 semper
790 330 1014 375 charactere
1064 334 1234 387 proprio
1265 365 1277 385 ‚
1326 336 1637 378 determinatam
1686 334 1859 390 speeiem

586 398 859 445 distmguznts.
939 400 1060 440 Foret
1087 410 1186 450 ergo
1222 400 1417 452 primaria
1450 400 1609 451 caussa,
1664 403 1862 454 p'acitum

588 462 766 502 Natum.-
790 491 801 508 ,
854 463 1006 503 ordinis
1057 465 1156 503 azieo
1186 464 1346 506 exastae
1377 473 1420 506 et
1454 475 1559 506 tanta
1597 464 1864 520 pulchritudi-

587 537 635 566 ne
672 528 919 580 procedentis
949 527 1138 569 stujiosae
1160 557 1171 578 ‚
1226 538 1274 568 vt
1307 529 1519 582 perfectius
1551 532 1652 584 quid
1694 534 1865 584 excogi-

591 590 666 630 tari
704 605 781 632 non
828 593 956 646 possit.
1058 591 1134 633 Sed
1180 593 1331 635 accedit
1381 594 1538 646 altera,
1591 594 1726 634 huma*
1745 609 1864 640 arum

587 655 821 698 vtilitatum
854 669 954 709 ergo
989 657 1150 698 intenta.
1237 657 1299 699 Ea
1334 657 1477 700 scilicet
1499 691 1511 710 ‚
1544 659 1611 699 vbi
1648 662 1864 703 manifestis

584 721 786 775 exemplis
817 721 1030 763 edocemur
1059 751 1070 771 ‚
1126 723 1440 776 proprietatibus
1474 722 1706 778 plantarum
1753 727 1867 768 bota.

587 785 687 826 nicis
719 787 953 841 respondere
988 786 1099 827 vires
1133 797 1273 827 earum
1307 788 1547 837 medicatas,
1579 788 1718 828 noxias
1740 819 1753 840 ,
1785 790 1865 831 ali-

585 860 784 892 mentares
809 883 821 903 ,
872 851 1089 893 tinitorias.
1188 849 1318 893 Cuius
1368 854 1426 894 rei
1476 852 1859 896 demonstrationem

587 913 686 957 haee
722 914 881 958 habebit
921 926 961 957 et
1013 915 1205 970 proxima
1255 916 1510 968 dissertatio,
1567 917 1708 972 primo
1758 931 1866 961 nunc

588 990 793 1035 exponens
815 1012 828 1033 ‚
861 992 960 1034 quae
992 982 1040 1022 ad
1074 981 1320 1023 medicinam
1354 982 1543 1037 speciant.

737 1073 1000 1117 characteres
1036 1075 1268 1129 plantarum
1321 1077 1537 1118 secundum
1589 1075 1863 1122 characterem

585 1132 822 1180 botanicum
855 1139 1179 1191 examinaturis,
1223 1140 1265 1181 id
1300 1139 1510 1192 praecipue
1541 1140 1743 1190 agendum
1777 1143 1828 1184 ess
1852 1172 1866 1193 ,

586 1209 668 1249 vt,
715 1204 763 1241 ab
811 1204 926 1242 omni
977 1202 1272 1247 charad‘teribus
1322 1201 1512 1240 humanis
1578 1203 1731 1253 liberi,
1793 1217 1863 1247 eos

586 1270 749 1305 tantum
782 1265 938 1319 semper
989 1267 1040 1308 ob
1087 1266 1225 1306 oculos
1281 1262 1487 1314 habeant,
1542 1264 1612 1317 qui
1667 1267 1867 1309 naturales

584 1326 695 1379 sunt,
727 1330 880 1383 quique
913 1329 1127 1371 consistunt
1148 1330 1190 1370 in
1211 1328 1433 1384 complexu
1458 1330 1636 1379 partium
1657 1331 1863 1384 omnium,

584 1392 631 1432 ad
666 1395 821 1446 plantas
855 1395 1122 1450 spestantium
1147 1425 1159 1446 ,
1191 1395 1299 1447 quod
1334 1403 1536 1446 praeterea
1569 1405 1720 1435 moneo
1740 1424 1752 1444 ‚
1816 1409 1866 1438 ne

583 1456 675 1512 quis
726 1468 843 1513 putet
865 1490 878 1510 ‚
932 1461 980 1502 ab
1023 1471 1268 1514 vnoquoque
1300 1458 1508 1510 systemate
1539 1456 1707 1500 abstrahi
1742 1460 1859 1512 posse.

588 1523 728 1576 Atque
765 1523 841 1565 hoc
880 1525 1065 1579 primum
1098 1525 1151 1566 est
1182 1535 1306 1578 quam
1345 1523 1524 1564 maxime
1556 1521 1861 1565 obseruandum.

584 1586 780 1630 Alterum
816 1588 893 1629 erit
929 1589 1005 1631 hoc
1028 1620 1041 1639 ,
1098 1598 1146 1631 vt
1179 1587 1354 1630 attendas
1376 1619 1388 1639 ‚
1436 1597 1535 1641 quae
1568 1584 1643 1627 sint
1678 1585 1824 1640 plantis
1846 1621 1858 1640 ‚

583 1651 652 1693 sub
694 1652 960 1695 determinata
1013 1652 1168 1693 familia
1217 1650 1543 1706 comprehensa,
1592 1652 1857 1706 proprietates

583 1728 826 1759 communes
848 1748 861 1769 ,
909 1729 1087 1773 quaeque
1129 1716 1220 1758 iliae
1265 1715 1375 1768 sint,
1422 1717 1469 1757 ad
1503 1715 1673 1756 diuersas
1705 1717 1858 1759 diucrse

582 1780 822 1824 accedentes.
924 1782 1058 1824 Nouit
1101 1782 1211 1823 enim
1251 1791 1393 1822 natura
1415 1811 1428 1832 ,
1471 1791 1549 1820 vna
1579 1779 1687 1833 saepe
1722 1780 1857 1823 fidelia

580 1846 678 1887 duos
717 1845 931 1901 pluresque
959 1844 1136 1887 dealbare
1171 1847 1338 1900 parietes
1362 1879 1375 1897 ,
1433 1843 1527 1885 adeo
1560 1854 1607 1885 η
1642 1857 1722 1884 vna
1751 1857 1855 1899 quo-

581 1922 659 1962 que
692 1921 735 1952 et
768 1912 905 1954 eadem
944 1911 1077 1965 planta
1115 1923 1190 1964 pro
1224 1912 1349 1952 variis
1371 1942 1384 1962 ‚
1431 1918 1525 1961 quas
1559 1908 1676 1951 habet
1700 1939 1711 1959 ,
1761 1922 1853 1964 par·

584 1974 688 2015 tibus
725 1976 834 2017 varia
878 1976 1035 2017 virtute
1074 1975 1282 2026 donetur,
1327 1989 1370 2018 re
1418 1972 1519 2014 meis
1570 1971 1852 2026 speculationi-

581 2038 653 2079 bus
689 2038 805 2091 plane
835 2054 917 2082 non
950 2041 1183 2092 contraria,
1233 2050 1281 2081 vt
1335 2055 1359 2084 e
1406 2037 1653 2092 sequentibus
1702 2037 1852 2080 abunde

585 2104 746 2157 patebit.

1668 2194 1705 2235 Α
1726 2192 1843 2246 plau·
