2008 2735
604 221 691 263 530
794 206 878 252 DE
914 203 1348 251 PROPRIETATIB.
1385 206 1673 251 PLANTAR.

595 320 690 367 hacc
724 320 862 365 omnia
896 332 946 364 ex
990 319 1195 378 principiis
1238 321 1354 376 supra
1411 318 1678 364 memoratis?
1733 319 1869 362 Lichen

586 390 837 447 pulmonarius
869 389 916 429 ad
953 390 1084 428 tabem
1115 388 1389 437 conducebat,
1423 386 1593 440 postoris
1625 399 1664 427 et
1702 387 1871 440 pulmo-

598 457 657 495 nis
695 453 860 503 vicera,
911 460 1151 505 cruentaque
1187 452 1300 504 sputa
1330 480 1340 501 ‚
1390 453 1436 492 ad
1470 451 1734 492 muliebrium
1774 463 1873 504 pro-

595 515 721 559 fluuia
743 546 755 568 ‚
809 512 1077 568 dysenteriam
1099 544 1111 566 ‚
1163 513 1399 567 biliososque
1433 518 1626 556 vomitus.
1727 515 1873 555 ix'onne

596 577 692 625 haec
722 593 742 621 e
777 581 982 636 principio
1011 575 1260 620 balsamico?
1293 577 1438 630 Surgat
1476 579 1723 632 blandina,
1757 588 1877 631 atque

597 643 661 690 hic
700 647 872 688 internas
908 644 1197 686 obstriistiones
1232 643 1365 684 soluit.
1449 641 1667 697 &velserus
1738 645 1874 683 tuiiim

596 708 880 754 conuulsiuam
929 708 1061 760 sedar3
1138 719 1268 748 nonne
1300 707 1451 747 iterum
1483 711 1534 751 ob
1568 711 1655 748 vim
1690 707 1878 748 balsimi-

597 786 722 828 ωιτη,
775 767 1115 815 demulcentem?
1182 772 1340 813 lter-atis
1383 783 1491 812 certe
1539 771 1878 813 obseruationibus

600 841 730 895 magis
762 835 954 880 constabit
975 864 988 889 ‚
1042 837 1176 891 plures
1200 864 1212 887 ‚
1261 847 1385 890 quam
1423 846 1530 876 nunc
1565 837 1705 877 scimus
1727 863 1739 885 ‚
1795 836 1880 886 spe-

597 907 677 947 cies
711 906 857 946 iisdem
894 901 1170 955 similibusque
1210 901 1361 942 morbis
1393 913 1442 940 ex
1480 901 1620 942 iisdem
1670 900 1880 954 principiis

548 971 559 982 ⁴
599 979 714 1024 pares
747 967 865 1018 sore,
909 975 949 1007 et
980 963 1152 1017 analysis
1191 964 1370 1006 chemica
1393 995 1403 1014 ,
1437 977 1561 1018 quam
1598 966 1881 1006 instituendam

602 1032 711 1073 milii
744 1030 1040 1072 Celeberrimus
1074 1029 1204 1069 noster
1242 1029 1547 1070 MODELIVS
1581 1028 1785 1082 promisit,
1815 1029 1880 1068 lu—

598 1106 691 1137 cem
711 1122 724 1146 ,
758 1092 876 1135 credo
896 1119 908 1142 ,
943 1103 1022 1131 non
1055 1091 1276 1141 recusabit,
1324 1089 1564 1141 miii:·rem;
1617 1094 1742 1131 modo
1777 1094 1883 1131 sem-

545 1180 549 1184 ·
603 1170 673 1216 per
711 1156 842 1199 maior
877 1158 1065 1196 minorue
1098 1156 1332 1195 adtendatur
1364 1155 1571 1203 efficacia,
1638 1154 1882 1207 insimulque

604 1226 880 1277 perpendatur
904 1245 917 1267 ‚
968 1217 1074 1269 quod
1115 1216 1338 1257 addendum
1374 1216 1528 1267 semper
1558 1216 1614 1254 est
1635 1242 1648 1264 ,
1689 1218 1883 1258 determi-

607 1294 718 1326 natas
749 1284 894 1339 species
925 1276 1240 1321 determinatam
1272 1274 1402 1320 adhuc
1443 1276 1676 1319 facultatem
1727 1275 1849 1320 aliam
1868 1308 1882 1331 ,

597 1359 650 1391 ex
684 1344 764 1391 alio
796 1343 1005 1388 accedente
1042 1342 1245 1398 principio
1280 1342 1419 1385 habere
1459 1341 1573 1395 poffe.
1641 1342 1703 1383 lta
1742 1342 1883 1384 Lichcn

597 1414 756 1456 caninus
790 1420 984 1466 tanquam
1019 1404 1251 1462 specificam
1287 1406 1595 1462 hydrophobiae
1628 1409 1884 1460 opponitur,

600 1488 643 1520 et
675 1475 868 1520 Roecellae
898 1471 1087 1516 tinctoria
1123 1473 1255 1514 virtus
1290 1473 1414 1526 lippis
1448 1482 1608 1526 quoque
1642 1481 1766 1525 atque
1789 1482 1884 1514 ton-

601 1544 752 1586 soribus
785 1552 866 1582 non
904 1537 1107 1590 incognita
1138 1537 1203 1578 est.
1303 1537 1421 1577 Vnde
1465 1533 1656 1578 Lichenes
1705 1536 1880 1577 resinam

599 1607 714 1650 suam
748 1603 1002 1648 balsamicam
1035 1596 1276 1655 accipiunt?
1327 1600 1502 1642 Videtur
1542 1600 1583 1640 in
1640 1598 1724 1641 illis
1747 1631 1758 1651 ‚
1808 1602 1884 1655 qui

599 1672 769 1715 cortices
801 1669 995 1709 arborum
1032 1673 1298 1721 pei-reptant,
1359 1665 1587 1708 coniectura
1621 1663 1749 1707 fiicilis
1793 1665 1883 1708 effe.

601 1735 763 1780 Scimus
796 1733 909 1774 enim
943 1729 1018 1772 hos
1050 1730 1287 1785 posteriores
1317 1729 1473 1786 semper
1519 1730 1710 1771 scatentes
1759 1728 1883 1771 fluida

603 1799 733 1842 resina
756 1830 768 1851 ‚
812 1806 898 1839 arte
930 1796 978 1836 ab
1010 1795 1092 1836 illis
1124 1792 1376 1836 extrahenda.
1474 1793 1661 1835 Peruenit
1695 1805 1796 1847 ergo
1827 1803 1882 1836 ex

604 1864 689 1908 illis
722 1865 765 1905 in
800 1859 998 1904 Licbenes
1017 1891 1030 1912 ‚
1056 1871 1285 1913 eorumque
1321 1857 1424 1900 vasis
1456 1858 1702 1900 continetur.
1785 1856 1881 1898 Me-

604 1929 936 1981 morandumque
971 1924 1049 1966 hoc
1077 1925 1132 1966 est
1154 1957 1165 1976 ‚
1197 1922 1424 1965 annosiores
1455 1922 1612 1964 arbores
1647 1921 1884 1964 Lichenibus

604 1993 819 2048 praecipue
850 1989 997 2034 obsitos
1027 1987 1133 2041 esse3
1166 1986 1279 2044 quasi
1312 1987 1436 2031 resina
1469 1987 1653 2028 maxime
1688 1997 1887 2029 accumu-

603 2056 684 2099 lata
716 2068 819 2110 opus
847 2056 970 2107 esset,
1003 2066 1079 2108 pro
1111 2054 1350 2095 accersendis
1381 2051 1717 2107 sustentandisque
1741 2051 1883 2093 Liche·

603 2131 689 2167 num
722 2120 929 2179 speciebus.
996 2117 1098 2162 Illae
1117 2149 1130 2174 ‚
1163 2131 1260 2176 quae
1290 2126 1441 2176 repunt
1472 2118 1522 2161 ad
1550 2128 1705 2178 rupes,
1760 2121 1879 2216 atquc?

1821 2187 1845 2218 a
