2008 2735
541 199 630 248 362
762 189 862 235 DE
927 190 1181 236 VITRo
1246 186 1580 235 F0551L1

536 310 693 366 praebet
715 339 726 359 ‚
776 317 876 360 quae
925 319 1020 348 cum
1070 307 1236 359 chalybe
1273 304 1444 360 percussa
1479 301 1668 344 scintillas
1703 305 1813 360 spat-

542 378 604 428 git
626 406 636 426 ‚
670 386 689 412 a
727 381 911 423 magnete
947 385 1047 412 vero
1083 385 1162 413 nou
1198 372 1375 426 amplius
1410 369 1604 409 trahitur.

684 451 793 492 Cum
828 461 899 490 ana
927 450 1043 501 filicis
1080 461 1331 504 praeparatae
1385 449 1491 490 fusus
1541 447 1675 504 lapis,
1730 462 1813 492 non

537 518 579 557 in
613 518 772 557 vitrum
804 514 1054 556 confluxerat
1075 546 1088 567 ‚
1137 515 1197 557 sed
1231 525 1391 556 tautum
1435 511 1615 554 firmiter
1666 513 1813 556 cohae-

534 582 644 623 serat.

685 643 898 687 Demhma
954 655 1033 684 vna
1086 642 1210 684 huius
1258 643 1399 698 lapidis
1449 654 1547 684 cum
1605 640 1813 683 drachmis

535 710 683 751 duabus
704 710 872 765 selenitis
909 709 1139 763 puriliimae
1173 708 1386 750 calciuatae
1406 739 1417 760 ,
1466 707 1638 748 inuicem
1673 707 1775 747 fusae
1804 739 1817 758 ,

537 777 583 815 ad
606 775 811 816 summam
835 776 913 815 fere
946 775 1142 815 duritiem
1173 773 1434 826 coaluerant,
1467 774 1645 813 vitream
1678 780 1814 811 tamen

537 849 728 880 naturam
764 841 928 894 adeptae
964 852 1044 880 non
1077 849 1204 880 eraut.

692 917 852 970 Lapidis
909 917 1030 957 nostri
1083 915 1274 957 drachma
1318 913 1352 971 j.
1405 915 1564 970 Topazii
1629 912 1817 956 saxonici

537 979 719 1020 enisio-ati
774 977 902 1019 drach.
956 981 991 1018 ss.
1049 979 1089 1018 in
1140 980 1305 1020 maffam
1341 982 1485 1021 duram
1519 992 1614 1021 cum
1651 976 1818 1032 chalybe

541 1043 730 1085 scintillas
761 1045 950 1084 edentem
985 1042 1133 1082 coloris
1166 1043 1348 1095 plumbei
1379 1045 1570 1084 coierant.

690 1122 801 1164 Cum
837 1134 934 1163 vero
966 1122 1109 1174 lapidis
1144 1130 1184 1161 et
1220 1121 1378 1177 Topazii
1407 1123 1723 1161 commemorati
1745 1132 1817 1162 aua

542 1185 781 1226 drachmam
822 1199 945 1227 vnam
981 1195 1022 1225 et
1055 1186 1203 1225 bor-acis
1239 1187 1370 1225 coctae
1409 1183 1584 1236 scrupul.
1610 1180 1641 1238 j
1678 1190 1819 1226 funcc-

544 1262 631 1290 rem
664 1249 820 1301 elegans
860 1249 1118 1302 proueniebat
1156 1250 1312 1288 vitrum
1366 1246 1514 1288 coloris
1566 1247 1674 1298 nigri
1720 1260 1819 1289 cum

541 1313 710 1355 maculis
742 1313 874 1355 rubris
909 1313 949 1353 in
983 1312 1203 1366 superficie.

690 1398 720 1446 §.
760 1408 798 1445 9.
854 1397 920 1437 Ad
971 1395 1250 1449 destillationem
1306 1402 1345 1435 et
1381 1392 1674 1447 fiaebh'mationem
1708 1393 1818 1448 quod

541 1462 722 1512 attinet,
757 1459 924 1514 quilibet
959 1460 998 1498 in
1036 1458 1274 1501 antecessum
1313 1459 1523 1514 perspiciet
1544 1489 1555 1508 ,
1589 1459 1634 1499 ab
1667 1461 1722 1500 cis
1755 1459 1820 1499 ni-

543 1526 602 1566 hil
652 1526 854 1579 cxpec'tari
906 1523 1088 1578 potuisse.
1190 1524 1264 1564 Per
1321 1529 1354 1564 ie
1396 1523 1522 1574 igitur
1559 1522 1818 1564 destillationi

543 1590 737 1631 subict‘tus
775 1589 872 1643 lapis
906 1587 1010 1629 nihil
1046 1588 1245 1629 exhibuit.
1314 1587 1547 1630 cinnabaris
1567 1617 1578 1637 ‚
1611 1599 1820 1629 νηπίω-,ιη

524 1654 761 1709 sublimatus
781 1685 792 1704 ,
828 1651 904 1694 Sal
936 1651 1129 1692 Alembrot
1155 1684 1165 1704 ,
1202 1652 1236 1695 S
1239 1653 1282 1694 al
1312 1652 1618 1701 Ammoniacum,
1663 1665 1710 1692 ne
1745 1662 1818 1692 ve-

546 1720 714 1770 stigium
751 1719 916 1771 quidem
953 1715 1152 1758 sublimati
1189 1728 1326 1758 notatu
1364 1716 1474 1770 digni
1528 1715 1812 1755 monstrarunt.

546 1784 668 1836 Lapis
705 1782 783 1836 ipse
818 1793 946 1835 neque
979 1781 1025 1822 de
1061 1783 1233 1836 pondere
1266 1793 1390 1837 neque
1423 1782 1468 1821 de
1504 1780 1666 1832 reliquis
1719 1793 1817 1834 pro·

544 1847 779 1901 prietatibus
831 1847 1048 1900 quidquam
1106 1847 1369 1898 perdiderat,
1434 1844 1506 1884 uisi
1560 1846 1666 1898 quod
1719 1856 1815 1885 cum

545 1913 750 1952 mercurio
786 1911 996 1952 sublimato
1031 1912 1224 1952 tractatus
1278 1909 1528 1963 nigredinem
1586 1911 1782 1950 maiorem
1806 1939 1818 1959 ,

543 1987 636 2015 cum
669 1975 873 2016 cinnabar-e
908 1987 1009 2016 vero
1054 1976 1235 2016 colorem
1291 1977 1498 2016 cinereum
1549 1984 1815 2014 contraxerat.

545 2038 649 2080 Salia
707 2041 867 2090 media,
919 2040 970 2080 sal
1022 2051 1243 2082 commune
1295 2050 1335 2080 et
1369 2039 1526 2080 nitrum
1560 2035 1815 2081 destillationi

547 2114 645 2151 cum
680 2115 728 2146 co
761 2105 999 2160 conuiuis-a,
1034 2104 1178 2148 intacta
1215 2106 1455 2149 manserunt.
1671 2162 1693 2212 ς

1697 2195 1706 2204 .
1744 2175 1818 2207 10.
