2008 2735
430 149 1265 215 INTESTINORVM.
1384 190 1474 230 421

198 271 356 318 partem
377 299 390 320 ,
421 279 523 324 quae
552 270 670 313 omni
705 273 897 317 vasorum
932 279 1228 325 ramificatione
1267 299 1346 329 non
1384 302 1481 333 mo-

192 331 279 382 d0,
331 334 394 375 sed
447 336 564 377 omni
615 349 779 393 quoque
833 341 970 386 colore
1021 357 1062 390 et
1094 350 1294 404 opacitate
1330 365 1475 409 expers

191 394 277 446 fit,
324 397 580 453 pellucidam.
688 404 840 457 Figura
892 407 1014 451 huius
1069 413 1185 468 spatii
1241 423 1474 474 apparentis

189 462 307 505 valae
342 465 451 506 varia
482 466 534 507 est
571 474 615 508 et
648 468 871 513 inconstans
896 505 908 524 ,
965 478 1122 531 semper
1160 488 1294 522 tamen
1326 485 1474 527 obion-

190 540 239 582 ga
258 559 271 580 ‚
298 537 340 570 et
358 530 603 584 plerumque
622 533 822 577 eiusmodi
843 538 1005 592 qualem
1027 541 1085 595 fig
1112 556 1130 582 1
1157 554 1196 585 ct
1220 559 1258 585 2.
1289 547 1472 590 exhibui·

192 593 418 647 Nunquam
458 596 596 648 primo
629 596 895 643 incubatiouis
929 613 1118 660 tempore
1153 610 1330 663 embryo
1396 625 1472 668 ap-

167 668 301 713 paret
323 689 335 709 ‚
378 660 478 713 quin
510 658 603 699 haec
636 656 760 698 simul
793 667 898 699 cinca
931 681 1029 709 eum
1065 673 1303 717 immediate
1337 677 1471 718 areola

189 724 360 773 oblonga
389 722 598 777 pellucida
631 734 793 776 quoque
827 734 1017 777 appareat
1049 734 1091 766 et
1126 737 1148 766 a
1181 737 1338 779 reuqm.
1382 754 1467 775 nm,

188 788 387 830 vai'culola
424 791 457 829 se
492 789 720 839 distinguat.
794 788 901 830 Haec
936 801 987 829 eo
1021 798 1208 844 tempore
1243 791 1331 832 vala
1367 804 1472 832 nou-

187 853 289 894 dun
344 851 459 894 lubet
481 885 491 904 ‚
542 855 603 895 sed
648 852 715 893 sub
750 853 875 907 specie
910 852 1093 897 maculae
1127 855 1234 896 albae
1270 866 1437 910 apparet
1460 887 1474 908 ‚

170 921 290 959 'vnde
329 918 483 959 macula
516 929 676 972 quoque
708 919 877 970 optimo
910 918 998 957 iure
1031 917 1108 960 hoc
1162 928 1350 973 tempore
1401 922 1470 963 vel

184 982 413 1023 cicatricula
448 983 494 1022 ab
523 981 735 1022 autoribus
772 981 909 1021 vocari
945 982 1077 1031 ίὸέτς
1129 983 1192 1025 sed
1229 983 1344 1024 color
1378 984 1467 1025 eius

181 1045 293 1086 albus
326 1044 441 1086 facile
476 1054 611 1084 tamen
642 1044 855 1085 discrimen
887 1045 1016 1086 reddit
1050 1046 1157 1087 inter
1204 1059 1340 1088 aream
1395 1061 1472 1090 va-

183 1108 376 1150 sculos-am
401 1139 413 1158 ‚
466 1109 528 1151 seu
580 1107 783 1151 maculam
807 1139 820 1161 ,
867 1118 911 1151 et
963 1108 1142 1153 areolam
1179 1111 1427 1166 pellucidam
1454 1146 1467 1166 ‚

185 1175 424 1215 interiorem
464 1171 576 1214 illius
607 1184 766 1226 partem
793 1204 804 1225 ,
853 1183 895 1214 et
927 1177 1196 1227 embryonem
1227 1178 1469 1219 immediate

181 1240 459 1281 contineutfm
482 1267 493 1288 ,
546 1247 690 1291 vtpote
725 1250 825 1291 quae
856 1238 905 1279 ob
942 1240 1262 1292 pelluciditatem
1296 1243 1465 1284 obscura

185 1305 321 1358 potius
353 1311 520 1356 apparet
543 1333 555 1353 ‚
587 1313 628 1344 et
663 1302 774 1358 quasi
811 1303 927 1344 inane
961 1306 1150 1358 spatium.
1238 1306 1338 1349 lnde
1370 1320 1469 1350 con·

185 1369 298 1410 tinuo
325 1368 372 1408 ad
406 1367 517 1408 diem
556 1380 681 1423 vsque
711 1369 904 1422 quintum
940 1370 1008 1412 vel
1041 1381 1240 1426 quartum
1296 1372 1467 1414 finztum

181 1434 415 1475 obseruatur
436 1463 447 1484 ,
482 1433 536 1472 ita
559 1464 570 1484 ‚
605 1444 653 1475 vt
686 1446 761 1487 pro
794 1434 933 1475 cadem
968 1439 1124 1486 agnosci
1163 1437 1293 1479 adhuc
1324 1437 1466 1492 poffit;

180 1501 247 1540 die
281 1498 424 1552 quinto
458 1506 597 1539 autem
633 1499 700 1540 vel
736 1501 847 1539 sexto
880 1500 1054 1541 annulus
1086 1504 1170 1543 cius
1212 1502 1303 1544 loco
1337 1516 1464 1558 appa·

181 1573 243 1605 ret
275 1563 463 1616 augustus
493 1572 533 1603 et
569 1564 644 1605 vix
680 1562 901 1614 notabilis,
951 1565 1025 1605 nisi
1060 1576 1238 1608 attentus
1278 1569 1466 1610 obserua-

181 1639 247 1669 tor
282 1629 416 1669 fucrit.
516 1628 592 1670 iste
623 1640 721 1670 cum
755 1627 910 1669 arcolae
945 1629 1082 1672 locum
1138 1641 1268 1674 teneat
1290 1663 1302 1683 ‚
1350 1635 1463 1674 eius·

181 1694 355 1746 demque
389 1703 551 1735 naturae
587 1692 636 1734 sit
660 1725 671 1745 ,
705 1703 746 1734 et
779 1694 1084 1737 consti-ustionis
1108 1727 1120 1748 ‚
1163 1706 1203 1738 et
1240 1696 1466 1752 pel-lucidus

181 1757 393 1810 obscurus,
458 1759 656 1812 opacitate
707 1769 747 1799 et
798 1758 902 1799 vasis
948 1771 1126 1813 expers,
1193 1765 1461 1815 quantumuis

183 1821 360 1873 figuram
395 1823 651 1873 dissimulat,
687 1834 823 1864 tamen
858 1822 924 1864 illa
961 1824 1038 1876 ipfii
1074 1824 1206 1866 areola
1237 1824 1310 1868 effe
1344 1827 1462 1869 vide-

185 1898 286 1938 tur,
335 1900 435 1941 quae
469 1902 566 1930 vere
602 1899 736 1929 tamen
775 1900 852 1927 nou
890 1888 942 1928 est
967 1919 978 1937 ‚
1030 1891 1086 1930 sed
1124 1902 1282 1931 nouum
1334 1891 1460 1945 phac-

181 1965 387 1993 nomcnon
420 1965 472 1993 ex
514 1954 830 2007 subicqueutibus
881 1954 1208 2005 intelligendum.
1309 1956 1460 1999 Areola

182 2019 246 2059 die
284 2019 365 2058 iam
401 2028 546 2069 quarto
576 2018 753 2061 euanuit.
853 2015 1043 2071 Denique
1077 2020 1162 2072 post
1196 2020 1305 2061 diem
1348 2023 1459 2063 deci·

182 2095 302 2123 mum
335 2080 508 2122 annulus
543 2096 705 2137 quoquc
740 2082 933 2123 euanescit
966 2083 1047 2138 ipse
1081 2095 1122 2126 et
1172 2085 1427 2129 annihilatur
1449 2119 1460 2138 ,

792 2145 921 2201 Ggg
960 2160 985 2199 3
1351 2153 1460 2205 quod
