2008 2735
588 230 650 267 24
1013 212 1130 265 ”³3⁰2ss
1161 208 1175 268 )
1211 222 1237 251 0
1279 206 1435 266 (34⁴⁸

583 331 632 374 ab
665 329 734 373 111.
770 328 876 371 Viro
909 326 1049 382 passim
1086 324 1326 367 illustratam
1348 356 1359 377 ‚
1414 323 1456 364 in
1491 320 1607 377 plena
1644 321 1723 364 iam
1767 325 1857 367 luce

585 395 758 450 positam
791 392 889 445 effe,
925 390 1184 446 peritissimos
1214 401 1396 444 quosque
1429 389 1516 430 eius
1546 398 1744 430 amatores
1776 392 1856 431 im-

586 460 744 516 pensius
778 457 997 500 laetaturos
1028 456 1104 496 esse
1136 455 1396 497 confidimus.

1180 596 1254 654 V.

590 699 690 762 De
732 702 1020 761 rotatione
1068 698 1187 763 solis
1231 703 1378 761 circa
1423 722 1595 762 axem
1639 723 1715 763 ex
1739 725 1858 764 mo-

728 799 795 847 tu
849 788 1200 848 macularum
1256 802 1564 868 apparente
1621 788 1716 848 de-

1041 873 1416 930 terminanda.

673 1005 852 1068 Αυξὶ.
888 1005 1009 1066 Ioh.
1049 1004 1183 1066 Alb.
1235 1004 1448 1064 Eulero
1483 1026 1612 1088 pag.
1653 1026 1755 1084 273·

588 1155 922 1271 Macularum
956 1164 1204 1207 heliacarum
1239 1165 1444 1217 dcteffio,
1497 1179 1596 1220 quae
1628 1179 1681 1207 ex
1729 1167 1863 1220 pluri-

743 1244 912 1272 morum
949 1231 1294 1272 Astronomorum
1315 1231 1506 1271 sententia
1525 1230 1744 1282 Scheinero,
1763 1230 1864 1271 Sue-

588 1308 678 1347 v0,
735 1308 798 1337 eas
829 1309 936 1337 anno
975 1300 1110 1335 1611.
1150 1296 1336 1348 primum
1372 1295 1603 1346 Ingolstadii
1636 1293 1862 1336 obseruanti

587 1361 782 1411 debetur,
836 1369 1069 1400 memoratu
1112 1360 1280 1411 dignam
1317 1359 1357 1398 in
1394 1359 1632 1399 astronomia
1666 1357 1862 1412 epocham

589 1425 810 1466 constituit.
876 1424 943 1464 Ex
975 1437 1024 1464 eo
1055 1425 1164 1466 enim
1198 1433 1381 1475 tempore
1416 1435 1496 1462 non
1531 1424 1578 1462 de
1609 1420 1861 1474 atmosphae-

591 1502 637 1528 ra
674 1489 796 1528 modo
831 1488 922 1528 solis
945 1517 956 1536 ,
999 1499 1121 1540 quam
1156 1487 1239 1525 iam
1275 1495 1387 1524 antea
1421 1485 1685 1536 sagaciflimus
1720 1484 1864 1539 Kesle-

591 1565 660 1594 rus
692 1563 745 1591 ex
778 1549 867 1589 aliis
903 1550 1112 1601 principiis
1145 1550 1271 1587 fuerat
1307 1547 1520 1598 suspicatus
1541 1578 1551 1597 ,
1604 1549 1663 1589 scd
1697 1551 1743 1590 de
1776 1550 1863 1588 eius

585 1625 750 1669 quoque
783 1612 885 1654 circa
920 1623 1040 1652 axem
1076 1612 1195 1652 suum
1230 1608 1490 1651 conuersione
1534 1614 1671 1663 magni
1725 1613 1865 1652 omni-

590 1692 645 1719 no
681 1678 884 1718 momenti
919 1675 1095 1729 quaestio
1129 1676 1208 1716 fere
1254 1674 1414 1728 penitus
1466 1674 1608 1717 confici
1661 1686 1861 1731 potuerat.

591 1742 705 1784 Inter
741 1741 851 1782 varia
884 1739 1032 1781 scilicet
1063 1741 1112 1781 ab
1145 1739 1381 1780 astronomis
1416 1739 1462 1780 ab
1491 1753 1539 1780 eo
1570 1741 1659 1781 inde
1681 1751 1863 1794 tempore

591 1808 640 1848 ad
673 1805 849 1847 maculas
879 1804 1020 1846 solares
1057 1804 1239 1845 maxime
1274 1805 1436 1844 attentis
1486 1805 1688 1846 obseruata
1743 1805 1864 1860 phae-

593 1883 768 1913 nomena
802 1871 842 1912 id
878 1869 1069 1924 inprimis
1103 1879 1245 1909 notatu
1276 1869 1448 1921 dignum
1481 1870 1534 1909 est
1559 1900 1569 1919 ‚
1620 1870 1727 1924 quod
1781 1881 1862 1910 non

591 1934 821 1987 regularem
856 1935 981 1976 modo
1013 1936 1054 1975 in
1088 1934 1192 1976 disco
1225 1933 1316 1974 solis
1370 1945 1602 1988 percurrant
1655 1935 1828 1975 orbitam
1852 1962 1865 1985 ,

592 2000 655 2041 sed
692 2000 798 2040 statis
831 2011 992 2053 quoque
1026 2000 1185 2041 redeant
1221 1998 1425 2052 periodi53
1460 2010 1505 2039 vt
1538 2011 1588 2038 cx
1621 1999 1866 2040 obseruatio·

596 2065 711 2104 nibus
761 2062 845 2105 Cel.
897 2062 1037 2113 Caffim’
1085 2075 1246 2116 tempus
1296 2075 1438 2103 carum
1494 2064 1744 2116 periodicum
1801 2072 1857 2108 27

596 2129 898 2184 propemodum
930 2129 1090 2171 dierum
1127 2129 1253 2186 spatio
1284 2130 1483 2170 contineri
1513 2128 1562 2171 sit
1597 2126 1862 2175 statuendum

1736 2190 1862 2241 vnde,
