2008 2735
632 149 747 203 »gr-,53⁶
782 153 797 202 )
832 160 859 189 0
895 149 916 202 (
950 148 1067 201 ἔξω
1392 152 1479 198 289

793 263 894 306 DE

241 358 584 423 CALORIS
636 353 1227 418 COMMVNICAT
1238 354 1379 416 ION
1392 355 1446 412 IS

209 474 590 521 EXCEPTIONE
627 470 1054 517 PHAENOMFNA
1092 469 1261 511 NOVA
1305 469 1482 510 EXPE-

361 539 652 584 RIMENTIS
718 537 960 580 ELICITA
992 567 1003 586 ‚
1069 535 1147 577 ET
1218 534 1324 575 Ex-

640 600 1046 646 PLICATIONES.

696 738 988 779 Auctore

493 848 527 892 Ι.
599 850 648 892 Α.
718 847 1190 894 BRAVNIO.

206 977 415 1089 Quum
450 987 490 1026 in
526 986 673 1036 gradus
706 985 852 1027 caloris
885 981 1135 1036 hydrargyri
1169 978 1377 1021 bullientis
1409 980 1480 1021 ad·

342 1051 522 1090 curatius
554 1051 800 1103 inquirerem
823 1080 835 1100 ‚
885 1051 947 1089 vti
982 1049 1264 1100 experimenta
1308 1047 1350 1086 in
1400 1044 1481 1086 dis-

199 1117 413 1156 sertatione
464 1124 551 1153 mea
602 1116 651 1156 de
685 1113 872 1166 gradibus
905 1113 1065 1165 frigoris
1098 1112 1323 1153 fluidorum
1348 1141 1359 1162 ‚
1410 1110 1482 1151 sub

199 1179 345 1233 quibus
381 1179 422 1217 in
467 1177 613 1218 statum
668 1178 878 1220 firmitatis
930 1177 1162 1227 transeunt,
1214 1186 1256 1217 et
1304 1175 1481 1227 calrris,

198 1244 269 1284 sub
321 1241 466 1295 quibus
516 1242 693 1283 bulliunt
716 1274 727 1294 ‚
778 1244 896 1284 allata
932 1241 1170 1282 monstrant:
1205 1239 1275 1291 (cf.
1311 1241 1478 1282 Comm.

201 1307 325 1347 Tom.
380 1304 525 1351 Vlll.)
577 1307 785 1346 obseruaui
833 1309 901 1348 diu
954 1306 1264 1358 hydrargyrum
1313 1305 1352 1343 in
1390 1303 1480 1344 vase

203 1379 444 1411 contentum
499 1380 589 1410 aure
640 1368 864 1421 ebulliisse,
912 1383 1036 1425 quam
1093 1372 1132 1410 in
1178 1369 1480 1411 thermomctro

203 1433 436 1476 mercuriali
472 1433 577 1475 ebull
602 1447 641 1473 re
676 1436 881 1490 inciperet.
980 1434 1166 1489 Tempus
1202 1434 1277 1475 hoc
1314 1434 1480 1474 interic-

204 1499 314 1540 <stum
354 1499 457 1539 inter
487 1498 770 1542 ebullitionem
805 1499 997 1541 mercurii
1035 1500 1075 1539 in
1109 1500 1227 1550 vase,
1277 1510 1317 1539 tt
1363 1499 1478 1539 ther-

203 1575 413 1605 momttro
446 1566 661 1615 contenti,
712 1564 779 1605 vel
816 1566 904 1605 ideo
940 1562 1200 1605 neccffiirium
1245 1561 1319 1603 csse
1368 1562 1479 1603 iudi·

201 1629 325 1678 caui,
376 1633 484 1682 quod
538 1630 863 1671 communicatio
897 1627 1040 1669 caloris
1076 1639 1237 1669 tantum
1275 1626 1476 1682 temporis

202 1693 380 1747 spatium
416 1695 592 1748 requirat
616 1726 628 1745 ‚
679 1694 744 1734 vel
780 1694 887 1748 quod
921 1694 1142 1734 differentia
1175 1691 1318 1733 caloris
1372 1694 1478 1733 inter

203 1760 455 1798 mercurium
494 1760 533 1798 in
569 1760 657 1800 vase
691 1770 730 1800 et
764 1758 1069 1800 tlierm01netr0
1102 1768 1366 1807 contentum,
1397 1769 1478 1797 nou

200 1821 334 1863 solum
369 1823 415 1863 ab
443 1824 563 1865 initio
584 1856 595 1874 ‚
647 1824 708 1865 scd
744 1825 783 1864 in
820 1824 1027 1877 progressu
1064 1822 1291 1862 bulliticnis
1322 1820 1371 1861 sit
1394 1852 1404 1868 ,
1438 1830 1479 1862 et

202 1897 400 1941 perpetuo
436 1900 601 1931 maneat.
669 1889 785 1930 Prius
819 1900 898 1929 non
936 1888 1136 1941 probabile
1171 1886 1277 1927 mihi
1314 1886 1478 1926 videba-

204 1961 272 1991 tur
295 1983 306 2002 ,
358 1954 551 2003 quoniam
600 1965 714 1995 tanto
759 1964 947 2007 tempore
979 1953 1300 1994 communicatio
1334 1950 1477 1991 caloris

202 2015 298 2056 licet
345 2016 584 2069 succeffiua,
638 2020 818 2072 indigere
853 2030 930 2058 non
990 2018 1231 2068 videbatur3
1285 2017 1477 2069 posttrius

202 2091 340 2121 autem
364 2112 375 2130 ‚
425 2083 532 2134 quod
575 2085 797 2127 differentia
831 2082 972 2125 caloris
1008 2084 1112 2126 inter
1146 2083 1398 2127 mercurium
1434 2082 1476 2122 in

264 2145 387 2189 Tom.
400 2147 503 2190 XII.
515 2147 807 2193 Nou.Comm.
1002 2148 1042 2191 O
1059 2161 1088 2192 o
1388 2147 1478 2190 vase
