2008 2735
355 183 439 226 EX
471 181 870 228 CHARACTERE
915 183 1235 228 BOTANICO.
1341 194 1431 236 527

159 301 275 341 nouis
324 297 426 340 olim
478 293 643 337 densetis
695 297 887 350 speciebus
938 310 959 337 e
991 296 1216 340 charactere
1248 300 1433 341 botanico

158 363 440 417 cognoscemus
472 371 670 415 quaenam
705 359 784 402 illis
820 364 996 404 virtutes
1030 363 1189 404 futurae
1220 362 1296 403 siut
1318 396 1329 414 ,
1358 363 1432 404 fir-

162 432 347 482 miorque
380 427 611 468 coniec‘tura
645 429 722 468 erit
747 459 757 478 ‚
809 441 932 481 quam
970 441 1070 483 quae
1105 428 1264 469 almnde
1318 427 1433 469 desu-

162 495 301 536 mitur.
399 490 474 533 Sed
526 491 604 532 alia
645 505 856 534 momenta
895 495 1103 548 prostant,
1154 506 1241 534 rem
1277 492 1433 535 confir-

163 559 325 599 mantia.
406 555 606 609 Analysm
646 557 875 599 chemicam
923 561 1062 613 primo
1094 560 1257 599 adduco.
1344 559 1435 600 lm-

158 623 351 675 perfee‘tae
373 653 384 673 ‚
419 634 515 676 quas
547 622 731 674 adlegaui
758 655 769 675 ,
806 624 962 678 plautae
984 656 995 675 ,
1026 635 1148 677 aquae
1182 623 1332 665 calidae
1367 625 1434 664 in-

155 689 258 729 sui-ae
279 719 290 738 ‚
325 696 582 729 reouuntur
619 697 726 728 totae
762 690 805 729 in
827 689 1117 742 mucilaginem
1137 687 1400 740 gelat-{nomm
1421 719 1433 740 ,

157 751 432 805 tragacantlme
465 751 532 792 vel
566 751 648 792 alio
681 755 888 805 gummari
939 754 1150 802 similem3
1197 751 1435 794 dest1llat10-

158 829 206 856 ne
241 818 436 870 phlegma
468 817 665 870 aquosum
698 817 922 867 exhibent,
959 819 1044 872 post
1078 817 1289 857 acidulum
1314 847 1325 867 ‚
1368 815 1436 858 vl·

157 881 264 922 timo
294 882 373 923 olei
408 883 749 935 empyreumatici
785 881 1011 923 tantillum.
1108 881 1345 937 Superstites
1396 882 1438 924 in

157 957 309 987 retorta
360 947 578 998 carbones,
629 946 773 987 leniter
823 948 1007 988 calcinati
1061 944 1202 987 sallum
1256 948 1437 988 cinerem

158 1010 393 1064 relinquunt
415 1042 426 1061 ,
469 1023 619 1064 vapore
651 1011 741 1054 albo
774 1010 988 1052 exhalante
1012 1041 1023 1061 ,
1078 1020 1176 1051 cum
1212 1012 1336 1052 odore
1369 1011 1436 1052 sub

154 1077 386 1126 operatione
418 1073 639 1126 assurgente
663 1103 674 1122 ‚
708 1075 857 1115 foetido
877 1106 889 1125 ‚
943 1075 1005 1116 illi
1053 1073 1225 1126 analogo
1246 1105 1257 1126 ,
1307 1085 1435 1128 quem

153 1136 279 1192 hepar
313 1138 523 1192 sulphuris
556 1136 670 1180 habet
695 1170 706 1188 ,
749 1139 789 1178 in
826 1139 959 1180 cinere
993 1136 1166 1180 alcalino
1198 1151 1280 1180 uon
1320 1139 1440 1192 peni-

154 1214 219 1243 tus
267 1202 556 1249 euanescente,
604 1199 690 1240 salis
741 1204 870 1243 cubici
921 1201 1196 1254 mirabilisque
1257 1203 1438 1254 vestigiis

155 1265 427 1307 luculentibus
460 1265 743 1306 accedentibus,
827 1268 889 1309 Ita
924 1264 1114 1307 omnibus
1143 1264 1205 1305 his
1238 1265 1280 1305 in
1319 1267 1437 1321 plan-¹

156 1333 207 1372 tis
240 1331 480 1383 generaliter
500 1362 512 1382 ,
564 1330 826 1383 proportione
864 1341 1027 1372 tautum
1067 1341 1142 1383 pro
1174 1328 1342 1372 diuersis
1370 1331 1437 1371 di-

154 1398 273 1438 versa.
371 1395 482 1451 Quid
515 1395 840 1436 animaduertere
874 1394 1098 1448 elegantius
1141 1396 1195 1437 est
1220 1426 1232 1446 ‚
1271 1395 1438 1448 respon-

152 1463 246 1503 dere
285 1460 382 1502 adeo
429 1458 648 1502 charaeten
700 1459 886 1502 botanico
938 1457 1168 1513 principia,
1220 1469 1273 1499 ex
1330 1458 1437 1504 hisce

157 1525 303 1581 plantis
338 1521 510 1567 elicita?
564 1525 825 1578 Principium
861 1522 1153 1566 inflammabile
1209 1522 1400 1565 habemus
1425 1558 1438 1578 ,

153 1591 221 1632 sali
254 1590 425 1633 alcalino
459 1590 660 1630 iuuc'tum.
746 1589 845 1631 Inde
881 1589 1145 1641 mucilaginis
1179 1589 1296 1629 ratio.
1335 1589 1434 1632 Inde

153 1656 326 1698 foetidus
357 1656 515 1709 hepatis
545 1653 751 1708 sulphuris
782 1656 894 1696 odor.
961 1654 1167 1695 Habemus
1201 1663 1302 1704 ergo
1318 1652 1436 1694 blan-

154 1723 254 1762 dum
290 1721 330 1762 in
366 1721 511 1777 plantis
546 1718 607 1761 his
642 1720 889 1773 imperfeffis
922 1721 1125 1774 saponem.
1227 1717 1284 1758 Et
1327 1717 1436 1759 vnde

158 1782 264 1826 ille?
323 1787 420 1828 Fere
457 1783 564 1826 mihi
604 1786 817 1839 persuadeo
841 1816 851 1836 ,
886 1786 992 1825 vires
1026 1783 1262 1837 plantarum
1298 1782 1434 1822 medi-

156 1851 417 1892 camentosas»
435 1851 628 1891 insinuari
667 1852 706 1890 in
744 1849 832 1890 illas
864 1848 1111 1890 extrinsecus
1132 1879 1143 1899 ‚
1182 1856 1304 1900 atque
1337 1848 1433 1889 dem

154 1915 202 1957 ab
232 1917 413 1968 ipsorum
448 1915 590 1957 fabrica
626 1913 867 1957 modificari.
936 1914 1107 1954 virium
1137 1912 1433 1954 medic-narum

155 1980 356 2035 principia
392 1994 514 2034 pauca
548 1980 639 2021 sunt
661 2012 672 2029 ‚
719 1990 760 2020 et
795 1979 899 2021 forte
935 1989 1093 2019 tantum
1128 1989 1262 2018 vnum
1297 1986 1338 2018 et
1369 1975 1435 2017 al-

156 2055 290 2086 terum
317 2076 328 2096 ,
360 2048 466 2100 quod
497 2047 609 2086 varie
645 2044 926 2086 modificatum
951 2075 961 2093 ‚
996 2043 1279 2085 commixtum
1316 2054 1437 2095 prae·

154 2113 426 2168 paratumque
459 2120 521 2153 tot
555 2112 754 2165 tantisque
787 2109 987 2153 effestibus
1023 2121 1096 2166 par
1130 2108 1197 2151 est.
1269 2106 1436 2151 Saluta-

1367 2181 1430 2214 [εὖ
