2008 2735
562 225 620 263 ²4
977 213 1094 265 »2223
1127 207 1141 268 )
1179 223 1205 252 0
1244 206 1257 265 (
1289 208 1404 261 3323<-

555 324 703 381 spetstes
753 323 837 366 siue
889 326 936 368 ad
988 323 1200 378 politicam
1255 325 1306 366 ob
1356 334 1557 365 nouarum
1601 325 1823 367 veritatum

555 388 640 431 solo
691 390 907 432 ratiocinio
956 391 1049 431 iude
1096 389 1384 431 eliciendarum
1441 390 1599 442 copiam
1658 389 1829 429 minime

555 455 836 496 destituuntur.
938 454 1082 507 Neque
1118 455 1254 494 minor
1291 453 1519 495 tabularum
1555 454 1830 493 matrimonia-

554 519 660 560 lium
684 549 697 570 ,
754 519 987 573 praesertim
1021 518 1049 558 si
1085 518 1312 558 adcuratius
1343 521 1610 560 conderentur
1633 548 1642 566 ‚
1693 517 1741 556 ad
1778 517 1830 556 il-

557 582 802 626 lustrandam
841 582 1126 624 oeconomiam
1163 583 1374 636 politicam
1408 582 1500 623 vsus
1529 582 1614 631 est,
1649 583 1746 623 licet
1779 592 1829 620 ex

555 647 605 688 iis
638 649 686 687 de
722 648 1090 688 matrimoniorum
1123 648 1337 688 duratione
1371 647 1500 688 media
1530 645 1827 687 difficillimum

555 709 605 750 fit
655 711 869 752 iudicium.
972 711 1078 752 Haec
1132 710 1278 751 icilicet
1332 710 1624 752 intricatiiiima
1657 710 1829 763 quaestio

555 774 754 825 Analyfin
790 775 965 830 requirit
997 787 1049 816 ex
1105 775 1265 816 scientia
1312 774 1572 816 coniecturali
1625 777 1793 828 petitam
1818 803 1829 823 ,

555 851 636 893 qua
667 839 959 881 connubiorum
995 839 1154 879 duratio
1188 839 1317 878 media
1348 851 1426 890 pro
1459 850 1698 891 quacunque
1731 849 1829 878 con-

554 904 706 954 iugum
742 912 869 943 aetate
901 913 1024 955 eaque
1059 901 1126 941 vel
1160 900 1307 955 dispari
1350 901 1524 942 vlterius
1573 902 1830 954 exspectanda

553 965 808 1016 definiatur,
846 964 1046 1018 huiusque
1076 975 1153 1016 ope
1176 993 1187 1013 ‚
1239 965 1413 1005 dubium
1468 977 1547 1004 non
1597 967 1649 1006 est
1672 995 1682 1015 ‚
1730 965 1830 1017 quin

554 1028 691 1070 multo
724 1030 1024 1070 determinetur
1055 1027 1232 1069 exactius
1254 1059 1265 1078 ,
1315 1040 1439 1082 quam
1475 1028 1639 1081 quidem
1674 1029 1829 1079 longis-

553 1092 657 1136 fima
700 1094 1026 1135 obseruationum
1063 1093 1159 1133 serie
1188 1091 1313 1133 adhuc
1344 1092 1431 1132 fieri
1470 1093 1614 1145 potuit.
1698 1092 1830 1133 Facile

555 1169 657 1199 vero
692 1168 800 1210 patet
822 1189 834 1208 ,
878 1157 956 1198 hoc
992 1156 1196 1212 problema
1230 1156 1306 1198 alia
1340 1157 1413 1197 niti
1449 1157 1672 1211 quaestione
1693 1187 1703 1205 ‚
1759 1168 1828 1209 pa-

557 1223 659 1263 riter
691 1233 746 1262 ex
776 1222 932 1263 calculo
966 1220 1233 1276 probabilium
1272 1222 1459 1274 petenda,
1492 1231 1593 1274 quot
1626 1222 1827 1262 nimitum

551 1299 605 1328 ex
639 1288 732 1328 dato
762 1297 914 1338 magno
947 1287 1087 1340 aliquo
1118 1286 1418 1327 connubiorum
1452 1287 1594 1326 codem
1641 1295 1825 1337 tempore

552 1352 752 1393 initorum
791 1363 964 1392 numero
999 1363 1072 1404 pro
1104 1351 1193 1391 data
1227 1352 1442 1404 vtriusque
1475 1352 1658 1401 coniugis
1699 1358 1827 1388 aetate

553 1416 639 1467 post
676 1413 850 1467 singulos
883 1427 1007 1455 annos
1041 1415 1306 1455 matrimonia
1360 1416 1513 1465 integra
1569 1411 1826 1465 probabiliter

553 1477 634 1520 sint
667 1479 955 1530 superfutura3
1027 1477 1094 1516 vbi
1130 1478 1295 1530 quidem
1330 1478 1431 1516 duos
1481 1475 1589 1516 tasus
1637 1475 1827 1526 distingui

551 1551 714 1594 oportet
736 1570 747 1588 ‚
783 1541 922 1593 prouti
958 1541 1169 1589 vti-iusque
1203 1540 1384 1588 coniugis
1429 1536 1492 1576 vel
1529 1538 1705 1590 aequalis
1737 1539 1824 1578 fue-

552 1608 607 1646 rit
641 1613 744 1643 aetas
778 1603 844 1643 vel
895 1600 1139 1654 inaequalis3
1190 1599 1352 1641 admissa
1408 1601 1568 1654 insuper
1619 1600 1691 1642 hac
1743 1613 1821 1643 vna

553 1663 769 1719 hypothefi
794 1697 805 1718 ‚
840 1675 885 1706 vt
920 1675 1090 1718 vterque
1125 1666 1239 1706 sexus
1271 1664 1424 1718 aequali
1462 1666 1603 1706 mortis
1640 1666 1824 1719 periculo

553 1731 692 1772 subiici
725 1732 971 1783 supponatur
996 1761 1005 1779 ‚
1047 1731 1237 1782 quamuis
1272 1730 1457 1783 scqu3oris
1493 1730 1606 1771 sexus
1637 1730 1767 1771 vitam
1803 1742 1826 1771 a

555 1805 691 1835 morte
745 1797 944 1834 tutiorem
993 1793 1101 1841 effe,
1153 1793 1309 1836 tabulae
1356 1795 1576 1835 mottuales
1609 1795 1823 1836 ostendant.

556 1859 777 1909 Vtriusque
827 1860 934 1898 casus
987 1857 1136 1898 solutio
1189 1861 1228 1900 iu
1263 1859 1458 1911 superiori
1494 1859 1763 1902 differtatione
1797 1872 1819 1899 a

550 1924 637 1963 Cel.
677 1921 894 1962 Bernmtillio
929 1935 1008 1961 iam
1042 1923 1096 1963 est
1126 1924 1248 1973 data,
1298 1923 1485 1963 adhibitis
1529 1925 1579 1967 ibi
1634 1923 1822 1965 terminis

555 1989 594 2025 in
632 1995 715 2025 arte
750 1987 1008 2027 coniecturali
1045 1987 1210 2027 vsitatis.
1290 1986 1330 2028 Si
1368 1988 1478 2027 euim
1518 1990 1556 2029 in
1592 2000 1691 2029 vrua
1730 1986 1818 2029 col-

558 2051 739 2100 ligantur
771 2062 793 2089 η
827 2052 932 2103 paria
965 2050 1244 2092 schedularum
1269 2082 1280 2100 ‚
1331 2054 1399 2091 suo
1429 2065 1607 2107 quaeque
1647 2065 1668 2091 a
1719 2050 1816 2091 reli·

553 2115 642 2170 quis
671 2112 808 2155 colore
839 2115 1015 2157 distincta
1041 2147 1051 2167 ‚
1085 2128 1304 2170 omnesque
1336 2115 1541 2163 schedulae
1575 2117 1658 2173 pari
1689 2113 1818 2159 facili-

1735 2186 1815 2220 tate
