2008 2735
501 157 1123 201 TORMAYER.
1366 168 1456 211 337

183 273 336 316 vicibus
370 272 472 314 secat
493 302 504 322 ,
555 270 638 311 siue
671 272 719 312 ad
753 282 879 323 genus
913 280 1138 310 cumarum
1181 270 1460 313 transcenden-

186 341 294 379 tium
330 339 538 392 pertinere.

338 415 424 458 Etsi
460 426 618 469 quoque
655 414 806 468 prisma
841 428 920 455 non
955 414 1163 456 infinitam
1199 412 1362 466 habeat,
1404 414 1460 457 ast

185 491 340 524 tantam
391 491 558 531 tamen,
610 480 946 533 longitudinem,
998 489 1045 520 vt
1097 478 1235 533 plures
1269 492 1393 533 quam
1431 492 1458 519 2

186 549 429 588 nanciscatur
464 543 580 598 polos
601 575 612 596 ,
646 558 684 586 v.
721 558 760 598 g,
796 560 842 597 4,
880 557 923 597 5,
958 549 1005 597 6,
1037 554 1109 585 ctc.
1146 558 1242 587 cum
1274 545 1370 585 scala
1397 544 1462 585 in-

183 612 416 653 tensitatum
467 609 546 651 hoc
580 611 666 652 casu
701 624 821 652 axem
857 612 898 651 in
938 611 1123 665 pluribus
1150 642 1162 662 ,
1198 622 1323 665 quam
1358 621 1458 662 vno,

183 677 346 730 punitis
367 708 379 728 ‚
431 677 530 716 secet
551 706 562 727 ,
611 676 744 717 denuo
797 677 927 731 liquet
949 708 961 728 ,
1019 675 1092 714 effe
1127 675 1255 730 ipsam
1290 687 1463 715 curuum

181 743 385 794 quandam
419 740 576 780 altioris
611 741 764 781 ordinis
788 771 800 790 ,
854 754 934 781 non
970 739 1121 781 rectam
1144 771 1155 792 ‚
1206 741 1345 795 prouti
1385 739 1462 780 ssa-

186 807 264 846 tuit
300 807 485 858 Mayeiur
509 836 520 855 ‚
571 803 667 844 haec
702 805 815 846 enim
848 817 970 847 axem
1005 817 1085 846 non
1121 803 1197 845 nist
1241 805 1285 847 in
1337 805 1462 847 vnico

185 871 339 929 punsto
373 870 554 911 traiicere
594 869 728 925 potest,

336 966 456 1009 Solus
488 968 622 1019 itaque
657 967 690 1005 is
724 966 832 1006 casus
854 994 866 1014 ‚
914 964 983 1005 vbi
1018 963 1072 1004 ita
1109 971 1375 1017 attemperata
1408 964 1463 1005 est

185 1031 325 1082 virgae
374 1030 623 1080 longitudo,
675 1038 723 1069 vt
775 1040 856 1069 non
896 1027 1036 1082 plures
1069 1040 1195 1081 quam
1232 1042 1255 1068 2
1292 1027 1461 1080 accipiat

181 1093 299 1148 polos
327 1123 340 1142 ‚
399 1102 584 1134 remanet
616 1122 628 1142 ‚
687 1093 753 1135 vbi
806 1093 975 1150 suspicio
1025 1092 1099 1134 effe
1149 1093 1274 1146 potest
1325 1093 1462 1146 aliqua

185 1156 455 1207 Mayermnam
490 1156 677 1209 regulam
708 1157 845 1199 locum
894 1158 1037 1200 habere
1090 1158 1228 1211 poffe3
1282 1159 1336 1200 ast
1386 1170 1463 1210 ego

183 1223 350 1275 quidem
385 1222 514 1261 nescio
538 1252 549 1272 ,
582 1235 630 1261 an
663 1222 898 1264 verosimile
934 1223 984 1264 sit
1007 1253 1018 1273 ,
1069 1221 1349 1263 intcnfitatnm
1383 1221 1464 1263 sca·

184 1285 267 1326 lam
303 1295 388 1323 tam
424 1284 555 1325 subito
587 1295 775 1327 naturam
808 1288 920 1328 snam
957 1298 1141 1338 mutare,
1175 1296 1222 1327 vt
1255 1299 1308 1328 ex
1341 1284 1464 1327 altio-

184 1351 239 1390 ris
274 1349 427 1389 ordinis
461 1361 588 1389 curua
622 1352 791 1391 transeat
848 1352 889 1391 in
938 1352 1127 1404 rcftam,
1180 1352 1324 1405 quauis
1373 1351 1462 1392 vice

185 1415 253 1456 vbi
290 1426 370 1453 non
408 1414 544 1467 plures
579 1427 704 1467 quarn
746 1429 768 1454 2
806 1416 943 1457 adsunt
979 1416 1093 1469 poli,
1154 1418 1263 1470 quod
1298 1426 1461 1459 naturae

185 1478 463 1521 consuetudini
496 1492 643 1532 parum
676 1482 917 1522 conueniens
952 1481 1059 1521 mihi
1096 1482 1270 1521 videtur.

338 1558 524 1600 Meretur
557 1561 730 1602 omnino
763 1573 825 1600 res
847 1594 858 1614 ‚
909 1574 1011 1615 quae
1045 1563 1193 1602 clarius
1228 1561 1356 1603 adhuc
1388 1572 1465 1603 ex-

186 1632 373 1679 ponatur.
457 1624 519 1666 Sit
571 1628 724 1680 primia
760 1626 843 1667 AB
879 1626 988 1681 (Fig.
1029 1625 1085 1682 5.)
1116 1628 1203 1667 eius
1236 1627 1466 1679 longitudi-
1490 1624 1664 1664 Tab.V1.

188 1691 283 1740 nis,
335 1698 382 1729 vt
435 1702 466 1739 4
519 1692 697 1745 acquirat
751 1690 901 1745 polos,
949 1692 1052 1733 dum
1087 1691 1245 1745 duplici
1277 1692 1465 1734 contatstu

190 1752 516 1805 magnetificatur
539 1788 549 1807 ‚
599 1766 641 1796 et
685 1755 813 1812 liquet
847 1756 924 1798 hoc
957 1757 1044 1797 casu
1080 1756 1223 1797 scal-tim
1258 1756 1465 1796 intrusit-a·

191 1826 281 1857 tum
318 1830 428 1860 certo
458 1824 607 1862 certius
637 1821 712 1861 css'e
745 1834 916 1862 curu-am
952 1822 1155 1877 quandam
1188 1820 1344 1860 altioris
1393 1833 1465 1861 or-

190 1882 306 1921 dinis·
401 1884 615 1937 Cogitctur
650 1889 731 1928 iam
767 1889 883 1940 virga
918 1885 1013 1932 haec
1058 1885 1276 1926 abbreuinri
1300 1917 1311 1936 ,
1362 1885 1465 1927 fadto

191 1945 359 1985 transitu
394 1961 462 2000 per
495 1953 740 1994 continuum
763 1983 774 2004 ,
828 1952 910 1994 siue
946 1951 1126 2005 fingatur
1160 1953 1271 1991 feries
1320 1950 1462 2002 virga-

192 2023 287 2053 rum
322 2021 471 2051 caetera
517 2019 674 2068 penitus
727 2017 964 2068 similium,
1016 2014 1089 2057 n³fi
1140 2017 1246 2069 quod
1300 2015 1462 2067 sequens

187 2077 356 2130 quacuis
404 2089 424 2115 a
480 2083 732 2131 praecedente
784 2081 946 2122 infinite
1000 2093 1147 2134 parum
1205 2080 1463 2136 longitudine

256 2140 378 2181 Tom.
392 2142 618 2188 X11.Nou.
633 2146 801 2189 Comm.
997 2146 1034 2185 V
1057 2157 1084 2189 v
1343 2143 1460 2187 diffe-
