2008 2735
503 142 693 187 SOLIS
741 142 945 187 CIRCA
992 142 1201 187 AXEM.
1402 158 1490 196 279

219 261 355 315 proiit
411 260 653 312 iiegatiiius,
708 258 891 313 fietque,
943 258 1101 300 calculo
1135 269 1317 301 ceterum
1353 260 1496 300 eodem

223 333 407 366 manente
430 354 442 376 ‚
477 323 648 378 angulus

601 399 962 449 ZSEzzc÷c·.

372 483 512 527 HVIC
548 484 676 536 igitur
711 484 864 536 angulo
899 481 1020 525 ZSE
1057 484 1097 525 in
1136 482 1269 536 figura
1304 484 1399 526 disci
1434 485 1494 524 so-

218 551 312 594 laris
347 551 551 593 obseruata
586 551 853 591 constituatur
890 548 1064 602 aequalis
1120 548 1295 600 angulus
1349 546 1430 590 AC
1445 549 1495 599 E,

216 630 340 672 quem
389 617 585 657 diameter
634 614 838 656 verticalis
889 615 974 657 AB
1027 615 1067 654 in
1112 624 1252 656 centro
1287 612 1320 655 C
1353 623 1496 655 ortum

220 683 355 723 versus
390 694 487 722 cum
522 681 707 734 ecliptica
755 678 876 721 ECF
927 678 1257 733 comprehendit.
1360 680 1496 733 Atque

217 746 311 789 hinc
348 749 432 788 iam
470 746 686 787 innotescet
726 745 896 797 angulus
929 744 1069 787 ECM
1096 777 1106 796 ‚
1142 756 1225 799 quo
1260 743 1364 784 reeta
1399 742 1494 787 CM

217 825 266 853 ex
319 821 458 854 centro
509 811 602 851 disci
657 811 705 851 ad
761 809 964 851 maculam
1019 811 1135 851 dutsta
1181 809 1227 850 ad
1263 809 1492 862 eclipticam

219 877 297 918 EF
335 875 577 926 inclinatur,
611 887 693 930 quo
729 875 895 915 inuento
930 877 971 915 iu
1007 875 1139 927 figura
1174 874 1368 914 diameter
1400 887 1494 916 ver-

218 942 343 984 ticalis
380 941 460 982 AB
494 942 668 981 omnino
703 939 882 980 deleatur
904 970 915 990 ‚
966 951 1062 978 cum
1097 951 1146 980 eo
1181 936 1360 990 amplius
1414 952 1494 980 non

215 1007 265 1047 fit
314 1016 450 1059 opus;
505 1004 686 1044 distantia
737 1013 877 1044 autem
932 1001 1114 1043 maculae
1167 1013 1188 1040 a
1223 1010 1366 1041 centro
1398 1003 1493 1043 disci

213 1069 307 1110 CM
344 1068 566 1107 retineatur
587 1097 597 1116 ,
632 1075 679 1107 vt
713 1076 803 1106 ante
838 1066 911 1107 fuit
947 1067 1112 1108 inuenta
1134 1097 1144 1116 ‚
1178 1065 1233 1105 ita
1268 1075 1316 1106 vt
1348 1069 1490 1119 cogni-

213 1144 250 1174 ta
287 1132 336 1172 sit
368 1132 472 1172 ratio
505 1130 627 1171 huius
660 1131 867 1172 distantiae
901 1129 996 1174 CM
1027 1133 1075 1174 ad
1123 1130 1372 1171 diametrum
1426 1131 1491 1172 vel

215 1198 565 1241 semidiametrum
600 1196 708 1238 disci.

366 1290 536 1332 NVNC
572 1291 701 1342 igitur
735 1291 1057 1334 obseruationem
1092 1305 1141 1333 eo
1162 1292 1424 1342 reduximus,
1445 1303 1490 1333 vt

216 1365 375 1412 practer
406 1355 633 1396 distantiam
673 1355 851 1396 maculae
885 1369 906 1396 a
941 1368 1082 1398 centro
1123 1357 1218 1398 disci
1269 1356 1315 1396 ad
1370 1358 1491 1397 semi*-

213 1423 458 1463 diametrum
511 1419 680 1461 relatam
732 1419 906 1472 angulus
958 1433 1120 1476 quoque
1174 1422 1218 1462 ad
1260 1420 1488 1476 eclipticam

215 1487 252 1529 E
263 1486 297 1529 C
309 1487 355 1528 Μ
392 1494 536 1542 pateat.

363 1584 611 1625 Huiusmodi
646 1594 785 1624 autem
819 1582 1002 1626 reduftio
1035 1596 1056 1623 a
1103 1584 1305 1625 diametro
1360 1587 1487 1625 verti·

215 1648 289 1690 cali
322 1650 370 1691 ad
403 1648 633 1703 eclipticam
668 1662 742 1702 pro
773 1647 943 1701 singulis
983 1648 1329 1690 obieruationibus
1384 1650 1488 1690 circa

218 1714 391 1754 maculas
426 1715 535 1756 fat‘tis
572 1714 829 1763 inllituatur3
883 1715 987 1755 inter
1022 1726 1119 1757 duas
1164 1715 1370 1766 imprimis
1421 1727 1488 1756 eae

217 1790 408 1819 notentur
431 1813 442 1833 ,
492 1792 594 1833 quae
630 1779 675 1820 ad
710 1781 876 1820 eandem
917 1779 1117 1819 maculam
1157 1781 1390 1831 pertinent,
1444 1789 1490 1818 vt

215 1855 266 1884 ex
317 1843 531 1886 collatione
586 1843 770 1898 plurium
822 1843 1057 1887 huiusmodi
1092 1844 1486 1884 determinationum

215 1909 393 1950 eiusdem
430 1909 608 1950 maculae
643 1919 780 1950 motus
815 1910 902 1948 eius
936 1920 1056 1948 verus
1087 1907 1267 1950 concludi
1304 1918 1434 1961 queat.

366 2011 477 2053 IAM
538 2012 714 2065 primam
771 2009 873 2051 hanc
909 2011 1189 2064 operationem
1226 2011 1333 2064 sequi
1370 2009 1484 2052 debet

213 2075 378 2116 secunda
402 2108 412 2126 ,
460 2090 537 2131 qua
585 2088 638 2116 ex
690 2075 776 2117 loto
834 2075 1014 2116 maculae
1047 2076 1086 2115 in
1120 2074 1225 2117 disco
1258 2075 1451 2128 assignato
1467 2095 1483 2124 ·,

1399 2152 1483 2179 eius

1525 493 1597 538 Fig.
1631 504 1661 527 1.
