2008 2735
402 149 599 191 MEDIA
643 148 835 192 MATRI
845 147 1187 193 MONIORVM.
1331 162 1347 187 1
1365 164 1379 187 1
1393 162 1418 198 7

154 264 270 318 supra
307 266 558 306 mentionem
594 264 663 305 stzci
699 264 735 311 §.
775 274 815 310 3.
884 262 972 303 Iam
1010 274 1109 304 vero
1142 262 1422 314 intelligitur,

156 341 224 369 me
259 329 452 370 methodo
485 327 723 381 algorithmi
761 324 1069 366 infinitcsimalis
1117 332 1234 367 vium
1293 326 1428 379 funsc‚'

154 403 256 445 quac
292 395 493 447 requirit,
534 403 579 433 vt
620 402 817 431 numerus
851 391 1214 432 matrimoniorum
1251 392 1419 432 initialis

155 469 399 509 permagnus
431 467 500 497 aut
535 455 663 497 veluti
709 456 892 496 infinitus
933 456 1163 508 accipiatur.
1249 456 1419 497 Metho-

153 522 254 561 dum
290 522 402 562 issam
425 553 436 572 ,
481 520 572 562 solis
608 523 774 560 mutatis
810 520 1038 560 nominibus
1062 551 1072 569 ‚
1113 522 1309 570 integram
1346 533 1420 561 cx-

153 586 269 638 posui
320 586 360 625 in
413 586 628 639 specimine
681 585 958 640 prat-liminari
1011 583 1056 624 de
1107 583 1170 633 refu
1203 582 1419 635 algorithmi

150 649 432 701 irfinitcssmalis
463 651 501 690 in
530 658 618 689 arte
650 649 877 690 conieislamsz·
912 662 931 688 a
966 646 1218 702 paragrapho
1245 649 1418 702 {optimo

150 724 276 765 vsque
309 714 356 754 ad
391 714 514 754 finem
551 712 648 767 (vid.
686 715 835 754 iterum
870 724 957 765 pag.
996 718 1066 761 87.
1120 712 1242 751 huius
1300 726 1417 752 com-

151 777 448 818 mentariorum
485 779 749 827 voluminis).
836 777 912 817 Hic
947 778 1034 817 sunt
1069 778 1205 817 mariti
1236 787 1277 816 et
1312 789 1413 817 vxo-

152 851 245 890 re5‚
297 844 405 894 quod
441 843 492 881 ibi
528 842 735 883 schedulae
770 843 906 893 nigrae
940 850 979 880 et
1013 839 1149 893 alba03
1205 840 1272 880 hic
1328 854 1416 881 ma-

151 904 490 959 tr1monia,quod
526 907 576 946 ibi
612 906 891 949 schedularum
927 906 1126 945 lociarum
1164 905 1303 958 paria;
1349 905 1416 947 hic

148 968 319 1021 denique
353 971 485 1009 maior
519 970 744 1010 mortalitas
777 969 1013 1008 alterutrius
1047 968 1189 1017 sexus,
1221 970 1328 1020 quod
1364 969 1418 1008 ibi

149 1031 282 1070 maior
319 1044 392 1083 pro
426 1032 673 1072 extractione
706 1044 756 1071 ex
789 1043 891 1071 vrna
945 1030 1111 1071 facilitas
1160 1029 1229 1069 vel
1281 1032 1415 1071 maior

145 1094 189 1132 in
224 1093 425 1144 egressum
459 1096 653 1148 pronitas.

302 1158 336 1206 §.
375 1162 442 1197 16.
480 1159 657 1200 Ponatur
694 1159 777 1199 iam
812 1171 1010 1199 numerus
1045 1159 1414 1201 matrimoniorum

146 1221 312 1262 initialis
346 1223 498 1264 iterum
532 1236 620 1266 :n
654 1223 811 1276 sintque
846 1223 942 1264 haec
974 1224 1240 1264 matrimonia
1273 1223 1414 1276 singu-

146 1284 185 1325 la
221 1287 275 1326 ita
306 1287 516 1328 constituta
537 1320 548 1339 ,
601 1298 649 1329 vt
682 1289 820 1328 mariti
852 1300 993 1328 omnes
1026 1288 1194 1340 quidem
1228 1288 1413 1328 eiusdem

147 1348 225 1388 sint
257 1350 393 1388 aetatis
425 1351 529 1389 inter
561 1352 598 1390 se
631 1355 779 1404 pariter
813 1362 931 1406 atque
967 1363 1146 1403 vxores,
1198 1362 1414 1391 verumta-

148 1425 241 1453 men
291 1413 444 1453 diuersa
496 1412 544 1453 sit
595 1425 696 1453 aetas
746 1415 788 1453 in
835 1428 919 1455 vno
966 1416 1062 1455 sexu
1106 1416 1219 1455 etin
1256 1415 1410 1456 altero:

144 1475 304 1516 Deinde
326 1508 336 1526 ,
389 1476 520 1529 elapso
553 1478 646 1517 dato
681 1489 882 1517 annorum
919 1490 1126 1527 numero,
1180 1478 1228 1517 fit
1263 1491 1414 1518 nume-

143 1551 214 1578 rus
258 1542 445 1580 virorum
491 1541 748 1593 superstitum
793 1553 878 1580 :s
924 1553 965 1581 ct
1016 1554 1212 1581 numerus
1262 1543 1412 1583 foemi-

144 1614 291 1643 narum
328 1603 586 1656 supcrstitum
620 1615 722 1654 ,τις
768 1604 889 1643 ambo
938 1613 1077 1642 autem
1131 1606 1295 1644 numeri
1347 1606 1412 1645 di-

142 1677 391 1718 gnoscuntur
425 1679 476 1706 ex
518 1667 660 1707 tabulis
710 1665 1006 1707 mortu-ilibus:
1059 1679 1150 1706 tum
1201 1668 1411 1721 quaeritur

143 1742 337 1785 quotnam
373 1733 477 1771 inter
510 1732 583 1772 hos
618 1727 844 1785 superstites
877 1743 1020 1771 omnes
1055 1732 1189 1771 futura
1225 1732 1411 1772 fintma-

144 1796 336 1835 trimonia
373 1797 527 1847 integra
562 1795 643 1835 siue
673 1807 848 1848 eousque
886 1806 1018 1834 morte
1054 1796 1198 1835 intaeta
1227 1827 1238 1845 ,
1288 1806 1410 1843 quot-

145 1871 238 1898 nam
273 1872 394 1912 porro
428 1861 543 1901 vidui
578 1859 642 1899 vel
680 1859 819 1900 saltem
852 1857 972 1898 strncl
1008 1859 1163 1898 viduati
1196 1870 1236 1898 et
1287 1869 1410 1912 quot-

146 1935 242 1963 nam
274 1924 414 1964 viduae
446 1936 517 1965 aut
552 1923 673 1964 fiemel
704 1925 902 1964 viduatae.
966 1923 1142 1963 Ponatur
1174 1923 1311 1964 rursus
1331 1937 1410 1964 nu-

148 1999 286 2027 merus
338 1989 695 2029 matrimon'orum
751 1987 1006 2041 superstitum
1059 1999 1177 2037 :x3
1228 1988 1280 2027 sic
1330 1991 1409 2031 erit

143 2063 343 2092 numerus
394 2052 618 2094 viduorum
670 2053 927 2106 superstitum
978 2064 1155 2093 ,ἵε-χ
1189 2064 1229 2093 et
1259 2065 1409 2094 nume-

749 2118 778 2157 P
814 2126 836 2162 3
1338 2130 1408 2158 rus
