2008 2735
285 187 361 227 ET
398 183 861 228 DESCRIPTIONES
897 186 1260 230 EOTANICAE.
1336 198 1419 239 515

149 302 210 342 scd
253 301 469 350 teretibus,
521 298 778 351 longitudine
813 301 922 352 pedis
956 300 1075 339 vuius
1111 312 1205 340 cum
1239 302 1424 341 dimidio.

148 368 328 408 Euidens
381 365 471 404 inde
527 365 606 415 fit,
663 362 768 404 male
823 363 1215 407 PLVKNETIVM
1273 364 1429 406 caulem

150 443 314 474 teretem
351 440 390 470 et
421 428 608 481 glabrum
646 428 867 470 delimo-affe.

296 497 331 537 F
335 494 463 535 rondes
499 494 727 548 bipmuatac
751 525 762 544 ,
797 493 973 536 alternae
996 526 1006 545 ,
1040 506 1225 536 extrema
1260 496 1424 550 impari.

148 561 288 603 Foliola
322 559 559 601 lireuiffimis
595 559 789 613 pediculis
824 560 1030 601 insidentia
1053 592 1063 611 ‚
1118 572 1164 601 vt
1219 561 1298 601 fere
1357 574 1430 614 pro

147 626 329 668 sensilibus
367 625 507 665 habeas
530 657 540 676 ‚
573 626 875 678 trapezitormia
909 625 974 665 vel
1014 625 1279 667 rhomboidca
1306 657 1315 675 ‚
1351 627 1428 667 ser-

147 702 231 731 rata
253 723 264 742 ‚
315 690 465 731 alterna
491 722 501 742 ,
555 689 721 742 glabra,
776 691 910 730 tenuia
935 722 946 742 ‚
981 691 1148 732 Adiauti
1193 692 1339 733 crist-„iti
1379 692 1424 732 L.

142 754 298 797 foliolis
331 755 458 809 duplo
496 756 649 794 maiora
671 787 682 807 ,
717 756 877 795 viridia.

288 819 622 870 Fruc'lficasiones
676 821 717 860 iu
767 820 944 873 apicibus
996 820 1202 861 frondium
1236 821 1431 871 reflexis,

150 897 272 939 quem
307 886 353 924 ad
389 887 562 927 modum
599 885 638 925 id
675 885 716 925 in
760 885 949 926 omuibus
1005 886 1194 926 Adi-antis
1247 886 1431 927 obserua-

155 963 198 990 re
233 951 296 991 est.

301 1014 407 1055 Haec
444 1015 611 1055 Adianti
662 1013 841 1067 specics,
893 1026 993 1066 quae
1046 1016 1286 1055 Americnm
1342 1026 1428 1053 me⁴

147 1077 387 1119 ridionalem
424 1088 465 1118 et
495 1079 705 1130 imprimis
740 1077 960 1118 lamaicam
999 1092 1073 1132 pro
1125 1080 1252 1132 patr³a
1304 1090 1431 1130 agno-

141 1144 247 1195 scit,
299 1143 478 1184 Adianto
513 1143 672 1184 cristato
709 1143 756 1184 L.
802 1143 988 1183 multum
1042 1142 1207 1195 analoga
1259 1143 1346 1194 est,
1399 1142 1429 1183 sl

147 1209 195 1248 ad
247 1206 346 1247 hanc
399 1207 512 1245 suam
565 1207 736 1258 speciem
778 1205 1022 1246 SLOANII
1061 1206 1320 1246 Adianthum
1358 1208 1431 1246 ni·-

147 1284 272 1324 grum
310 1282 389 1311 uon
425 1271 632 1311 ramosum
668 1270 799 1310 maius
821 1299 833 1320 ‚
867 1271 1035 1311 surculis
1069 1283 1170 1311 raris
1195 1302 1205 1321 ,
1249 1269 1431 1324 pinnulis

144 1335 305 1387 densis,
356 1335 517 1386 crassis,
573 1334 790 1385 minimis,
857 1336 1025 1376 cristatis
1071 1345 1112 1377 et
1165 1337 1334 1388 trapezii
1385 1337 1428 1377 in

150 1403 321 1444 modum
357 1400 541 1453 figuratis
575 1395 678 1454 (Cat.
715 1399 815 1441 Iam.
855 1414 890 1455 p.
928 1398 989 1456 4.)
1032 1401 1140 1441 reste
1189 1399 1428 1454 adlegauit,

150 1477 197 1508 vt
231 1465 401 1508 omnino
435 1466 606 1508 videtur.
709 1465 858 1506 Differt
893 1478 995 1507 vero
1037 1465 1267 1506 luculenter
1317 1466 1428 1506 caule

148 1534 218 1574 suo
254 1531 488 1584 triangulari
523 1541 563 1573 et
597 1529 765 1584 hispido.
848 1531 999 1573 Differt
1034 1531 1185 1572 foliolis
1209 1562 1220 1581 ,
1256 1532 1426 1585 profun-

146 1599 236 1639 dius
268 1607 309 1638 et
343 1597 608 1652 inaequaliter
640 1595 795 1637 serratis
818 1627 830 1648 ,
878 1597 1076 1638 viridibus
1096 1629 1108 1649 ‚
1161 1596 1344 1637 tenuibus
1385 1605 1426 1637 et

153 1663 295 1715 longis.

239 1739 242 1742 ⁴
301 1726 452 1769 Differt
483 1727 654 1781 denique
688 1726 860 1779 habitu,
913 1729 982 1780 qui
1026 1727 1241 1768 laetiorem
1296 1726 1428 1777 magis

147 1790 287 1833 ficiem
321 1795 519 1846 exprimit
541 1824 552 1844 ,
587 1805 684 1833 cum
719 1794 761 1835 in
798 1792 1014 1834 Andiantho
1044 1792 1202 1845 crssato
1235 1791 1309 1832 afri
1328 1790 1426 1844 quid

152 1866 194 1897 et
228 1857 346 1898 tristis
378 1857 520 1902 habere
550 1858 661 1900 solet.

749 1972 826 2015 VI.

305 2049 511 2096 Osmtmdae
558 2052 727 2094 lanariae
776 2051 872 2091 duas
918 2047 1182 2092 LINNEVS
1216 2049 1430 2092 varietates

150 2113 307 2158 subiicit
327 2148 340 2170 ,
373 2128 471 2172 quas
502 2118 690 2173 equidem
726 2127 802 2169 pro
834 2113 980 2157 talibus
1013 2115 1224 2170 agnoscere
1262 2117 1332 2156 vix
1351 2126 1426 2155 au-

710 2180 751 2221 T
770 2189 787 2220 t
806 2187 822 2219 t
858 2193 884 2239 a
1270 2181 1425 2231 derem,
