2008 2735
590 215 686 253 5-34—
783 201 865 242 DE
899 200 1335 245 PROPRIETAHB.
1373 201 1661 245 PLANTAR.

587 318 769 371 ptionem
791 347 803 367 ‚
837 317 962 358 fateor
982 347 993 368 ‚
1028 314 1172 357 Lolium
1207 316 1445 358 temulentum
1479 318 1604 368 facit,
1636 317 1677 356 vi
1715 328 1855 358 narco-

589 383 664 422 tica
702 380 741 420 in
777 393 922 422 neruos
953 393 1073 433 agens
1096 411 1107 430 ‚
1140 394 1284 434 eosque
1318 383 1521 422 atstiutate
1556 384 1715 434 primns
1737 413 1748 433 ,
1793 381 1851 422 sed

588 456 722 485 tamen
770 455 813 485 et
844 447 892 486 de
926 457 976 485 eo
1024 445 1172 485 constat
1238 447 1406 498 impune
1455 460 1475 486 a
1528 447 1734 500 pecoribus
1782 458 1854 486 co-

587 509 730 558 medi,
773 522 842 550 nec
873 512 1071 550 damnum
1112 511 1153 549 in
1188 508 1254 551 illa
1289 512 1509 551 redundare
1544 512 1690 552 vilum.
1774 510 1852 550 Fo-

584 572 638 614 bia
671 572 922 615 Graminum
959 575 1191 627 saponaceae
1225 575 1371 615 indolis
1404 576 1494 616 sunt
1515 605 1527 624 ‚
1574 587 1614 616 et
1661 575 1854 628 quemad-

588 638 763 679 modum
796 639 994 680 iumentis
1028 636 1130 681 laeta
1162 637 1259 680 dant
1291 639 1432 693 pabula
1454 670 1466 691 ‚
1502 641 1559 680 ita
1593 642 1633 681 in
1670 639 1854 690 homine,

593 704 789 744 teneriore
833 713 1031 756 compage
1069 703 1244 754 donato,
1308 704 1695 746 medicamentorum
1743 704 1856 744 susti-

591 777 689 808 nent
740 770 848 810 vices
897 766 1214 821 adhibenturque
1240 798 1252 819 ‚
1317 767 1386 808 vbi
1440 769 1582 821 sapone
1627 779 1728 822 opus
1786 767 1854 808 est.

590 831 807 874 Sciendum
840 845 967 884 vero,
1001 830 1075 875 esse
1109 831 1218 874 hunc
1252 832 1291 872 in
1325 833 1512 874 omnibus
1542 832 1862 882 blandissimum‚

594 898 770 951 adeoque
804 906 844 937 et
875 910 955 939 non
990 895 1064 936 nisl
1099 895 1238 938 blanda
1278 907 1395 948 agere
1440 898 1626 939 efficacia.
1726 894 1859 938 Radix

591 959 844 1002 Graminum
879 962 1064 1002 fortiores
1094 961 1258 1004 effectus
1305 961 1419 1012 edit,
1466 975 1490 1003 e
1543 961 1717 1015 partibus
1769 959 1861 1015 plus

593 1024 774 1064 resinofis
822 1026 1012 1065 constanS.
1107 1024 1204 1065 Inde
1261 1025 1402 1066 Virtus
1445 1026 1655 1078 saponacea
1686 1025 1864 1073 fortior,

593 1099 737 1127 omues
769 1087 1002 1128 secretiones
1033 1095 1075 1126 et
1105 1088 1350 1128 excretiones
1385 1099 1650 1139 promonens,
1683 1086 1860 1128 renalem

596 1152 814 1205 praecipue
834 1182 846 1202 ,
881 1161 927 1192 vt
959 1159 1000 1191 et
1031 1150 1207 1191 calculos
1242 1149 1401 1190 subinie
1433 1150 1596 1190 solmam.
1679 1151 1862 1191 Ambro«

596 1214 689 1253 finci
724 1225 884 1266 quoque
909 1242 920 1262 ‚
969 1213 1214 1260 aromatici,
1268 1212 1556 1250 iucundissimo
1598 1223 1708 1251 nares
1743 1213 1864 1252 vedi-

597 1277 722 1318 cantis
771 1279 893 1316 odore
945 1275 1131 1330 principii
1185 1274 1435 1327 graminibus
1486 1273 1723 1327 quibusdam
1759 1274 1870 1325 inest,

599 1341 707 1396 quod
740 1339 808 1381 vel
843 1340 971 1381 (olum
1027 1338 1266 1392 comprobat
1314 1339 1513 1386 foenum,
1562 1339 1664 1380 vnde
1714 1337 1865 1380 leuiora

598 1403 774 1460 deliquia
808 1405 987 1462 diffipata
1019 1404 1121 1444 sunt.
1187 1403 1232 1444 ld
1264 1402 1379 1443 habet
1415 1403 1582 1444 Lolium
1608 1405 1865 1444 eminentius,

754 1469 887 1522 lungo
920 1470 1029 1509 sexto
1059 1467 1311 1510 Gram.'m'hus
1342 1468 1393 1508 ob
1426 1477 1624 1508 vrtutem
1656 1467 1866 1518 {inuidiam

602 1533 757 1589 plantas
792 1532 1052 1589 Legumincffas
1075 1563 1087 1583 ‚
1135 1534 1176 1573 in
1209 1545 1389 1587 quorum
1426 1532 1635 1573 semmibus
1667 1540 1705 1571 et
1760 1534 1866 1585 peri-

604 1599 749 1652 carpiis
783 1597 946 1640 facultas
976 1597 1115 1638 eadem
1150 1598 1236 1649 est,
1284 1609 1385 1649 quae
1438 1598 1477 1638 in
1509 1595 1719 1638 seminibus
1762 1595 1866 1638 Gra·

603 1665 768 1703 minum
802 1664 934 1704 datur.
1001 1661 1148 1715 Neque
1180 1662 1312 1703 differt
1347 1660 1419 1702 nisi
1456 1662 1606 1702 maiore
1641 1662 1868 1713 quantitate

601 1727 720 1778 olei,
753 1727 859 1768 vnde
891 1726 1026 1768 virtus
1055 1728 1228 1778 emergit
1263 1727 1394 1778 magis
1427 1726 1618 1766 nutriens,
1712 1724 1788 1767 Sed
1819 1725 1869 1765 ob

602 1789 705 1832 hanc
738 1791 867 1846 ipsam
899 1803 943 1831 ea
992 1790 1174 1832 nimium
1227 1791 1414 1845 vsurpata
1466 1789 1703 1839 molestant,
1748 1788 1867 1829 flatus

603 1855 800 1898 inducunt
820 1887 833 1906 ‚
864 1866 984 1910 atque
1015 1854 1184 1909 proinde
1218 1854 1324 1897 mala
1354 1856 1401 1896 ab
1434 1853 1495 1896 his
1509 1854 1715 1895 nascentia.
1751 1852 1866 1909 Qua-

604 1931 649 1960 re
680 1919 906 1962 Cerealibus
939 1919 1219 1974 praerogatiua
1252 1920 1336 1971 est,
1369 1931 1467 1974 quae
1500 1919 1758 1960 nutrimento
1774 1929 1865 1958 cor-

604 1987 695 2038 pori
732 1985 911 2026 humano
942 1987 1072 2037 magis
1105 1987 1445 2034 accommodato,
1508 1984 1717 2036 parciore,
1767 1994 1864 2037 pro-

607 2049 700 2090 vida
733 2059 874 2090 natura
907 2049 1108 2091 instruxit.
1172 2048 1247 2091 Sed
1281 2050 1379 2090 aliae
1413 2048 1453 2088 in
1493 2046 1730 2102 Diadelphiis
1773 2058 1866 2101 par-

603 2120 664 2156 tes
693 2112 816 2156 aliam
847 2125 1009 2169 quoque
1040 2113 1271 2158 &cultatem
1305 2112 1592 2157 nanciscuntur.
1655 2109 1768 2154 Folia
1792 2119 1861 2145 eo-

1749 2182 1859 2222 rum,
