2008 2735
359 157 437 200 ET
474 153 814 201 ORICHALCO
856 153 1232 200 MAGNETICO.
1340 168 1435 210 373

289 272 346 327 f)
378 273 585 316 mineram
620 272 736 312 istam
774 269 982 311 zincinam
1015 281 1069 311 ex
1119 280 1262 311 monte
1310 273 1447 314 Ram-

168 339 363 392 melsberg
419 349 544 392 prope
597 334 826 378 Goslariam
884 336 925 376 in
963 335 1200 387 Hercynia,
1249 349 1351 389 quae
1390 337 1446 378 ibi

167 403 352 446 locorum
389 402 524 446 Graue
556 397 664 443 Gans
699 410 869 441 vocatur
892 432 903 452 ,
953 413 1004 441 ex
1037 401 1199 442 cinereo
1233 399 1446 443 flaues‘cen-

169 479 252 511 tem
288 471 464 510 minerae
498 466 655 522 plumbi
687 476 728 508 et
761 466 878 521 cupri
913 465 1194 507 inhaerentem
1225 475 1267 507 et
1325 467 1449 508 adna-

168 542 251 576 tam
277 565 288 586 ‚
319 534 465 574 addidi.

322 609 365 668 2)
401 611 469 654 Ex
505 610 676 652 cadmiis
708 611 918 652 fornacum
953 611 1160 665 sequentes
1192 609 1367 652 adhibui.

320 698 360 745 a)
412 691 631 734 Cadmi-am
684 691 896 731 fornacum
952 688 1278 739 Goslaricnsem,
1348 699 1452 744 quae

168 757 304 811 priscis
358 756 608 810 temporibus
661 768 736 810 per
792 756 1069 809 ignorantiam
1127 755 1277 796 abicit-‚1
1335 755 1453 806 suit,

162 819 332 876 (Haluen
359 844 378 850 -
400 818 627 875 Gallmey).

317 899 359 955 b)
394 899 608 942 cadmiam
644 900 854 941 fornacum
888 896 1185 941 Goslariensem
1241 907 1446 938 recentem

160 960 342 1019 (Grunen
366 987 383 993 -
406 961 631 1015 Gallmey).

309 1038 346 1091 c)
382 1038 597 1080 Cadmiam
635 1038 846 1078 fornacum
883 1037 1033 1079 luteam
1066 1036 1363 1080 filamentosam
1405 1048 1448 1081 et

158 1103 411 1146 lamellosam
446 1102 853 1158 phosphorascentem
891 1103 1248 1156 Freybcrgensem.

307 1186 348 1241 d)
380 1186 597 1229 Cadmiam
634 1188 843 1228 fornacum
881 1189 1044 1241 nigram
1078 1188 1333 1244 squamosam
1363 1202 1447 1232 non

161 1251 574 1308 phosphorascentem
606 1252 965 1304 Freybergenstzm.

315 1324 350 1382 e)
399 1325 617 1368 cadmiam
670 1328 879 1369 fornacum
936 1331 1146 1372 maiorum
1169 1360 1181 1380 ‚
1211 1342 1264 1372 ex
1289 1330 1446 1373 sunone

163 1393 342 1434 minerae
375 1393 516 1432 martis
553 1403 682 1446 prope
718 1391 923 1434 Grashow
966 1396 1014 1435 ad
1065 1394 1249 1436 fluuium
1302 1396 1449 1439 Malu-

161 1470 309 1514 panam
343 1458 387 1498 in
423 1455 562 1498 Silefia
597 1458 806 1511 superiore
840 1459 1071 1501 oriundam.

299 1532 355 1592 s)
390 1536 564 1578 Tutiam
598 1537 652 1578 fic
682 1537 833 1579 dietam
868 1538 1209 1582 Alexandrmam.

314 1613 356 1668 3)
410 1616 480 1657 Ex
532 1616 835 1671 PseudogalenIS
884 1620 1092 1674 sequentes
1147 1620 1444 1675 experImentiS

161 1678 262 1718 meis
294 1678 579 1724 inseruierunt.

311 1754 352 1811 a)
388 1757 678 1812 Pseudogalena
712 1760 821 1803 fusco
853 1761 978 1802 bruna
1012 1774 1062 1802 ex
1112 1762 1245 1802 fodina
1299 1761 1446 1805 Louise

162 1814 374 1861 Charlotte
405 1835 534 1878 prope
568 1824 827 1868 Hasserodam
862 1828 909 1867 ad
948 1827 1079 1880 ipsum
1125 1823 1315 1867 Erueteri
1367 1840 1442 1882 pe-

163 1882 257 1923 dem
290 1884 332 1924 in
367 1885 600 1944 Principatu
639 1890 975 1933 Halberstadienfi.

314 1958 355 2014 b)
389 1962 677 2019 Pseudogalena
710 1967 816 2011 flaua
864 1982 944 2011 non
998 1965 1336 2023 phosphorafcens
1388 1983 1442 2014 ex

162 2025 295 2066 sodina
329 2024 459 2069 Gutte
508 2030 651 2075 Gottes
702 2046 832 2090 prope
879 2033 1184 2087 Scharffenberg
1234 2034 1439 2079 Dresdam

161 2088 269 2133 inter
300 2100 343 2135 et
376 2092 588 2140 Misenam.

737 2163 780 2205 A
798 2173 818 2205 a
838 2174 861 2204 a
895 2174 923 2214 3
1267 2170 1306 2218 c)
1320 2164 1444 2207 Pleu·
