2008 2735
274 170 511 213 OBSERV.
553 172 628 212 ET
662 172 917 214 DESCIPT.
956 173 1316 219 BOTANICAE.
1363 189 1453 227 509

326 283 493 325 Vmbella
520 283 742 330 ‹vniuersalss
775 284 975 324 difformis
1009 287 1130 326 radiis
1161 289 1324 330 circiter
1350 292 1456 332 duo-

180 350 308 390 decim
341 349 503 390 constat.
571 348 827 388 particularis
859 350 987 390 deusti.

326 429 472 473 Corolla
523 432 690 485 propria
737 430 883 486 petalis
929 432 1109 485 quinque
1146 432 1360 475 instruitur
1393 434 1456 474 al-

178 497 266 546 bis,
317 495 732 547 cordato-inflexis,
781 496 952 536 extimis
1000 497 1157 538 duobus
1199 499 1420 540 maioribus
1445 530 1457 548 ‚

176 574 275 602 mnn
294 561 400 601 ribus
452 563 646 612 intimis,
706 571 751 603 vt
804 561 846 602 in
898 561 1069 616 reliquis
1122 564 1281 615 generis
1331 563 1456 605 huius

173 628 381 678 speciebus.

323 706 468 748 Partes
495 706 714 759 genitales,
782 714 829 746 vt
865 706 905 746 in
942 704 1209 747 vmbelliferis
1245 705 1449 761 plurimiS.

323 771 582 825 Pericatpimn
616 770 791 810 nullum.
858 770 1015 811 Semina
1056 771 1240 821 congesta
1291 781 1413 812 ouata
1439 802 1450 822 ,

172 836 439 877 exte-rioribus
478 834 749 875 hirlutiffimis
772 866 784 885 ,
821 835 978 874 intimis
1013 834 1173 885 glabris.

320 900 424 952 Styli
460 899 702 954 perfitientes
734 901 774 940 in
797 899 954 951 fastigio
988 900 1186 941 seminum
1213 930 1224 949 ‚
1258 900 1445 952 primum

168 964 266 1004 resti
291 995 302 1014 ‚
336 966 467 1019 postea
500 964 651 1005 reflexi.
736 964 852 1005 Odor
887 962 1044 1016 plantae
1075 964 1242 1014 nullus3
1277 963 1337 1004 sed
1372 975 1448 1004 ve·-

167 1037 355 1068 nenzitnm
392 1039 526 1069 tanen
564 1029 855 1080 proprietatem
900 1025 976 1079 ipfi
1025 1025 1132 1079 effe,
1183 1038 1323 1067 neruos
1373 1029 1449 1068 ob⁴

166 1093 404 1132 tundentem
453 1101 494 1131 et
546 1090 832 1132 temulentiam
884 1091 1124 1132 inferentem
1178 1090 1224 1132 13.
1278 1089 1445 1132 FORS-

164 1156 364 1197 KOEHL
392 1188 402 1207 ‚
434 1160 505 1209 qui
542 1156 643 1195 hanc
681 1155 859 1208 plantam
898 1156 1058 1208 primus
1092 1158 1134 1198 in
1169 1159 1366 1210 Aegypto
1385 1154 1445 1196 le-

164 1220 225 1271 git
249 1250 259 1270 ‚
293 1219 505 1260 obseruass‘e
534 1220 686 1260 dicitur
707 1249 718 1268 ‚
761 1228 807 1258 vt
842 1218 941 1257 adeo
975 1229 1082 1259 nouo
1115 1220 1311 1271 exemplo
1346 1231 1447 1260 con-

166 1284 239 1325 stet
262 1314 274 1334 ,
309 1282 577 1324 vmbellifcras
611 1294 753 1324 omnes
787 1281 979 1335 {uspec‘tas
1011 1282 1170 1337 semper
1204 1281 1277 1323 esse
1300 1314 1310 1334 ‚
1345 1294 1443 1338 quas

163 1349 265 1402 ipfiis
316 1348 363 1389 ad
414 1359 535 1403 aquas
585 1350 800 1391 crescentes
853 1358 949 1400 prae
989 1345 1080 1389 aliis
1112 1348 1254 1390 noxias
1286 1361 1442 1402 cogno-

165 1414 313 1454 vimus.

415 1582 670 1643 Bunias
733 1502 1180 1661 Xegyptica.

296 1705 332 1748 E
375 1706 595 1749 ‘seminibus
615 1735 628 1758 ‚
680 1703 823 1746 Hafnia
854 1703 1026 1758 acceptis
1048 1733 1060 1754 ,
1109 1702 1152 1742 in
1188 1698 1313 1743 horto
1345 1712 1432 1742 aea·
1461 1702 1548 1739 Tab.
1578 1706 1634 1740 IX.

158 1770 315 1812 demico
345 1774 509 1825 prodiit.

308 1835 504 1890 Adpofito
537 1836 650 1878 icone
701 1832 898 1887 adparet,
964 1831 1012 1871 ad
1053 1829 1251 1871 Buniades
1301 1829 1431 1883 perti-

157 1910 251 1941 nere
273 1929 285 1950 ,
318 1900 368 1942 ob
397 1900 723 1945 conuenientium
742 1897 864 1952 floris
897 1905 939 1938 et
956 1894 1130 1951 filiculae
1152 1925 1164 1946 ,
1217 1894 1430 1935 habitum-

156 1976 235 2020 que
263 1965 578 2019 respondentem.

306 2028 382 2071 Sed
431 2030 600 2085 speciem
650 2027 900 2080 distinguunt
920 2023 1021 2080 folia
1056 2023 1243 2066 radicalia
1268 2054 1279 2075 ‚
1328 2033 1429 2076 quae

154 2093 287 2147 lyrata
318 2094 410 2137 sunt
443 2105 485 2137 et
517 2096 560 2137 in
595 2091 795 2152 petiolum
829 2090 1080 2133 decurrentia
1106 2121 1119 2143 ,
1151 2084 1322 2130 caulinis
1353 2086 1428 2127 ha·

743 2156 771 2201 S
789 2167 806 2195 s
825 2167 842 2195 s
879 2168 903 2206 3
1302 2152 1423 2194 stato-
