2008 2735
426 202 1257 246 INTESTINORVM.
1385 205 1476 252 489

199 323 322 372 sum,
364 318 597 361 conuexitas
632 315 862 356 extrorsum
900 314 1091 368 respicit3
1141 328 1190 355 eo
1225 315 1328 355 (afro
1353 345 1363 365 ,
1414 316 1479 355 sub

201 385 380 437 angulo,
416 395 539 436 quem
574 382 694 433 dixi,
735 382 803 434 qui
840 379 1019 421 limbum
1060 381 1296 420 interiorem
1334 380 1478 419 consti·

201 452 280 492 tuit
302 481 313 501 ,
372 457 492 490 acuto
514 478 524 498 ,
556 445 671 487 illico
711 446 944 486 extrorsum
980 446 1019 484 in
1053 445 1267 499 planitiem
1305 444 1480 486 reflecti-

200 526 281 556 tur.
337 515 419 557 Hac
451 523 550 564 ergo
585 511 740 552 ratione
774 524 794 550 a
827 512 938 565 spina
970 509 1113 550 doriali
1148 522 1187 551 et
1222 511 1477 551 memlffanac:
1502 522 1623 559 Fistula
1647 527 1691 561 in-

198 590 310 635 parte
331 610 342 630 ‚
374 578 422 619 ad
454 575 656 630 angulum
691 588 819 630 Vsque
857 576 1102 630 produdhic,
1142 575 1339 616 dimidius
1361 575 1480 615 tubus
1502 574 1656 610 testinans

196 646 329 685 oritur
349 673 361 693 ,
391 642 506 683 cuius
544 642 746 694 margines
782 640 855 695 ipsi
899 640 1014 682 limbi
1038 641 1250 682 interiores
1270 650 1309 681 et
1330 640 1481 680 cauitas

1553 625 1622 674 (a)

196 709 277 763 ipsa
297 718 486 763 apertura
505 708 635 747 amnii
656 707 781 760 spurii
801 707 867 747 est.
925 706 1032 746 Haec
1053 718 1156 746 nunc
1178 706 1307 747 fistula
1327 705 1480 746 intesti-
1504 724 1539 751 et
1568 716 1668 751 abdo-

196 773 314 823 nans,
333 783 380 813 vt
397 773 478 815 dici
500 772 649 826 potest,
668 768 963 824 (primordium
987 783 1055 811 me
1076 769 1274 826 senterii),
1309 770 1481 811 interior
1503 768 1643 801 minans.

200 839 269 887 est,
287 848 326 878 et
344 839 593 879 exteriorem
616 837 681 876 sibi
705 835 820 877 habet
843 867 854 886 ,
887 848 1008 889 quam
1043 834 1222 875 fistulam
1266 836 1368 875 dicas
1403 834 1480 875 hoc

201 912 386 956 tempore
421 902 718 942 abdominalem
742 931 753 951 ‚
807 899 984 940 similem
1022 901 1168 940 tubum
1222 900 1444 940 dimidium
1467 931 1478 951 ,

195 979 247 1007 cx
284 967 416 1020 spinae
450 966 591 1006 doriiili
631 975 742 1019 parte
794 964 1033 1017 posteriori,
1088 975 1140 1004 ex
1188 965 1298 1004 fascia
1349 976 1473 1016 quam

197 1032 380 1083 superius
414 1031 501 1071 dixi
538 1031 590 1079 (§.
629 1027 720 1082 96.)
751 1038 792 1067 et
832 1028 961 1068 limbo
993 1026 1236 1068 abdominali
1273 1027 1479 1081 compost·

198 1105 304 1135 tum.
403 1092 527 1134 Dicta
576 1094 689 1133 enim
742 1091 851 1132 fascia
893 1090 1159 1133 abdominalis
1194 1089 1320 1131 simili
1355 1090 1481 1132 modo

194 1171 246 1201 ex
289 1158 477 1200 lateribus
509 1157 639 1211 spinae
671 1155 835 1198 dorfiilis
857 1188 868 1208 ‚
908 1157 972 1197 sed
1002 1169 1053 1199 cx
1092 1165 1205 1209 parte
1239 1156 1368 1208 magis
1403 1169 1479 1209 po-

196 1224 353 1264 steriori
387 1224 557 1271 oritur,
610 1223 701 1263 inde
745 1221 979 1262 antrorsum
1025 1231 1218 1260 curuatur
1261 1230 1299 1259 et
1350 1222 1479 1261 limbo

195 1289 265 1329 suo
298 1284 547 1326 craiiiusculo
583 1286 842 1326 terminatur.
910 1286 985 1325 Hic
1020 1297 1119 1337 crgo
1151 1286 1331 1325 exterior
1359 1285 1478 1326 tubus

195 1353 378 1407 priorem
414 1351 653 1392 interiorem
686 1349 1009 1403 complet'titur3
1061 1360 1102 1390 et
1144 1358 1228 1391 tota
1279 1350 1478 1403 embryo-

195 1421 257 1458 nis
294 1428 382 1471 pars
418 1416 697 1457 infracardiaca
733 1427 783 1455 cx
818 1416 969 1456 duobus
1014 1414 1077 1455 his
1120 1414 1224 1455 tubis
1271 1414 1479 1469 composi-

197 1492 234 1523 ta
269 1483 334 1523 cst.
411 1482 648 1524 Membrana
682 1479 854 1534 denique
888 1493 940 1521 ex
976 1478 1108 1523 limbo
1137 1481 1328 1521 interiori
1363 1481 1478 1534 super

197 1549 447 1588 exterforem
484 1547 665 1597 reflexa,
721 1544 815 1587 huic
864 1546 1101 1587 immediate
1152 1545 1384 1596 incumbit,
1436 1554 1478 1586 et

199 1625 291 1654 cum
342 1611 533 1667 pellucida
583 1612 665 1660 sit,
714 1610 973 1665 limbumque
1023 1611 1304 1662 exteriorem,
1353 1623 1394 1650 ac
1446 1608 1476 1649 fi

198 1677 308 1718 nulla
345 1684 574 1720 membrana
618 1685 852 1728 tegeretur,
897 1685 1147 1730 transparere
1179 1675 1310 1726 sinat;
1363 1674 1478 1715 facies

200 1745 360 1794 oritur,
394 1743 503 1799 quasi
539 1754 591 1783 cx
627 1744 751 1784 meris
784 1741 864 1783 illis
898 1739 1042 1782 fistulis
1077 1742 1249 1793 embryo
1284 1740 1476 1780 infracar-

199 1807 334 1847 diacus
367 1817 684 1863 componeretur
707 1839 717 1858 ,
773 1818 814 1849 et
851 1807 1022 1848 interior
1055 1807 1223 1860 quidem
1258 1806 1305 1845 ad
1345 1816 1477 1857 angu-

201 1871 289 1913 lum
327 1873 440 1914 suum
473 1875 537 1915 seu
576 1872 752 1914 limbum
789 1873 1079 1913 terminaretur
1103 1902 1113 1921 ‚
1158 1868 1395 1924 nullamque
1433 1870 1473 1909 in

205 1936 481 1978 membranam
539 1951 662 1993 porro
713 1939 1052 1986 continuaretur,
1106 1936 1284 1975 exterior
1336 1942 1473 1975 antem

201 2002 375 2042 omnino
410 2003 538 2042 nudus
570 2003 676 2044 effer.
745 2002 884 2058 Quam
921 2001 1109 2055 primum
1146 2012 1247 2040 vcro
1268 1997 1364 2040 haec
1384 1997 1474 2052 pel-

201 2066 332 2106 lucida
372 2067 600 2107 membrana
635 2080 705 2120 per
742 2068 874 2108 succos
921 2065 1193 2106 accumulatos
1252 2063 1291 2104 in
1344 2063 1474 2104 bullae

198 2131 371 2187 speciem
408 2132 584 2171 cleu-atur
608 2161 618 2180 ,
669 2141 761 2171 tum
798 2141 837 2171 et
871 2140 1042 2184 vterque
1078 2127 1228 2170 limbus
1260 2139 1301 2170 ct
1335 2140 1475 2170 mem-

266 2194 808 2238 Tom‚X11.Nou.Comm.
1003 2194 1087 2252 Qq
1105 2205 1130 2246 q
1354 2194 1473 2235 brana

1533 819 1572 865 (q.
1600 815 1640 864 νυ)
