2008 2735
547 168 639 213 438
836 159 936 202 DE
1002 154 1556 200 FORMATIONE

543 275 744 317 mentitur
779 274 1016 325 integrum,
1050 268 1306 313 membranae
1337 272 1538 326 superiori
1576 272 1815 314 incumben-

546 350 631 380 tem
653 371 664 390 ,
696 340 804 394 quod
838 338 1026 392 quidem,
1060 350 1132 379 cur
1169 336 1241 377 fiat
1262 368 1273 388 ‚
1306 349 1357 377 ex
1392 338 1516 377 modo
1549 337 1816 379 constructio·

546 406 605 444 nis
638 403 823 458 exposito
854 401 1101 454 intelligitur
1125 433 1137 452 ,
1167 412 1208 444 et
1243 401 1441 443 sticculum
1475 403 1640 456 quidem
1674 401 1817 443 oblon-

548 481 649 520 gum
674 499 685 519 ‚
719 467 863 508 leuiter
896 465 1167 520 compressum
1189 499 1201 519 ,
1235 469 1305 520 qui
1340 468 1493 508 vertice
1527 467 1721 521 superiori
1756 465 1817 506 la·

550 534 677 584 riori,
727 533 905 573 rotundo
932 563 944 583 ,
993 531 1074 572 fine
1106 532 1292 571 interiori
1326 533 1454 584 magis
1485 542 1606 572 acuto
1627 564 1638 583 ,
1682 531 1821 572 lateri-

549 598 695 651 busque
731 597 932 652 parallelis
953 627 964 648 ,
1016 605 1056 637 et
1085 596 1231 636 dextro
1263 597 1427 650 quidem
1454 628 1465 648 ‚
1516 599 1623 651 quod
1668 595 1820 650 spee'ta-

550 663 628 702 tori
665 664 705 702 in
741 674 828 703 area
863 661 1016 702 inuersa
1050 659 1256 701 sinistrum
1289 661 1341 702 est
1364 691 1375 711 ‚
1428 661 1599 714 paulum
1636 660 1788 701 inflexo
1809 691 1821 711 ‚

552 726 707 768 sinistro
766 736 904 767 autem
965 726 1202 766 conuexiori
1256 726 1508 767 terminatur.
1604 725 1822 766 Eiusmodi

550 794 659 832 cuim
697 790 872 844 figuram
908 790 1080 842 embryo
1113 802 1276 844 quoque
1307 791 1387 844 ipse
1421 792 1528 829 intus
1561 790 1790 830 reconditus
1813 813 1829 839 ,-

553 855 633 897 hoc
669 865 856 910 tempore
892 855 1023 896 refert.
1107 855 1236 896 Sicuti
1268 856 1377 895 enim
1422 854 1552 894 areola
1597 853 1791 906 pellucida
1814 885 1825 905 ,

556 922 611 960 ita
648 933 809 974 quoque
844 921 1028 959 amnium
1065 921 1250 973 spurium
1288 918 1514 971 generatim
1536 917 1714 970 figuram
1735 930 1827 958 em-

554 986 717 1035 bryonis
753 985 814 1023 sed
849 982 969 1032 longe
1004 984 1232 1023 euidentius
1266 983 1432 1022 adfectat
1454 1013 1466 1033 ‚
1497 983 1593 1023 adeo
1613 1016 1624 1035 ‚
1660 993 1706 1024 vt
1736 983 1787 1024 bu
1808 1004 1830 1011 -

556 1045 593 1086 la
625 1048 670 1086 ab
704 1048 788 1098 ipso
820 1045 1042 1095 embryouc
1069 1076 1080 1095 ‚
1134 1047 1204 1097 qui
1242 1055 1372 1096 partes
1406 1046 1464 1084 sui
1498 1048 1677 1098 corporis
1722 1048 1830 1085 intus

559 1111 690 1160 magis
729 1110 934 1161 magisque
965 1108 1183 1158 extendat,
1234 1108 1325 1149 fie'ta
1349 1138 1359 1157 ‚
1410 1117 1449 1146 ct
1484 1108 1593 1148 suam
1650 1111 1827 1150 formam

559 1175 671 1214 meta
704 1173 778 1213 csse
814 1174 1007 1213 videatur.
1110 1172 1238 1221 Inde,
1283 1180 1402 1223 prout
1436 1171 1609 1220 embryo
1642 1172 1708 1211 vel
1744 1184 1830 1212 cre-

559 1238 698 1276 scendo
719 1267 730 1286 ,
764 1238 829 1277 vel
865 1237 981 1275 nouis
1015 1235 1216 1288 acquisitis
1247 1234 1424 1285 partibus
1445 1263 1455 1281 ‚
1511 1232 1577 1271 val
1614 1233 1689 1274 situ
1727 1247 1832 1287 quo·

561 1312 636 1353 que
689 1310 884 1349 mutato,
952 1300 1090 1353 suique
1121 1298 1299 1352 corporis
1352 1297 1660 1349 commestione,
1712 1298 1830 1339 alum

561 1363 738 1416 figuram
775 1364 927 1413 refert,
982 1366 1037 1404 ita
1073 1365 1261 1403 amnium
1297 1373 1459 1415 quoque
1492 1362 1672 1415 spurium
1709 1364 1832 1404 aliam

562 1429 731 1470 ostendit
768 1427 944 1479 figuram
970 1459 980 1477 ‚
1015 1428 1227 1479 embryoui
1264 1427 1418 1479 semper
1454 1425 1638 1467 similem.
1726 1429 1833 1469 Em-

562 1496 664 1545 bryo
700 1494 902 1533 nimirum
940 1490 1015 1532 hoc
1052 1503 1235 1544 tempore
1295 1492 1473 1531 maxima
1526 1503 1564 1531 ct
1618 1492 1656 1530 iu
1710 1493 1835 1546 specie

566 1558 759 1611 superori
798 1559 852 1599 sui
887 1557 1067 1610 corporis
1103 1568 1212 1610 parte
1258 1554 1296 1594 iu
1350 1555 1547 1595 sinistrum
1606 1555 1711 1596 lutus
1764 1559 1837 1598 dc-

564 1624 719 1663 cum‘oit
742 1654 752 1670 ‚
789 1622 940 1663 minori
965 1653 975 1670 ‚
1023 1634 1146 1674 eaque
1179 1620 1359 1661 inferiori
1399 1629 1507 1673 parte
1533 1649 1544 1668 ,
1597 1632 1747 1672 pronus
1783 1621 1835 1660 si-

567 1698 631 1727 tus
681 1687 766 1736 est,
817 1697 857 1726 ct
911 1696 1030 1739 caput
1083 1686 1218 1725 versus
1268 1685 1404 1737 peetus
1444 1683 1666 1737 depressum
1704 1683 1832 1726 habet.

566 1752 661 1792 lude
703 1763 798 1791 cum
850 1761 993 1790 vertex
1048 1750 1174 1801 igitur
1228 1749 1409 1802 superior
1457 1749 1612 1801 capiti,
1670 1750 1837 1789 inferior

565 1820 709 1855 caudae
734 1849 744 1866 ,
788 1828 930 1866 margo
965 1817 1104 1855 dexter
1140 1815 1272 1854 ventri
1299 1845 1309 1864 ,
1362 1814 1585 1866 sinisterque
1619 1815 1734 1854 dorso
1774 1826 1838 1854 re-

569 1882 784 1933 spoudeat3
839 1891 920 1919 tota
979 1892 1082 1920 nuuc
1135 1878 1202 1919 illa
1258 1879 1446 1931 descripta
1499 1877 1635 1920 {luculi
1672 1878 1800 1930 figura
1827 1910 1838 1930 ‚

571 1957 642 1983 cur
679 1946 728 1983 ita
767 1947 798 1984 le
836 1944 971 1984 habeat
996 1975 1005 1992 ,
1040 1943 1297 1995 intelligitur.
1398 1942 1505 1983 Nam
1546 1955 1685 1984 xertex
1723 1948 1838 1996 {upe-

570 2010 654 2047 rior
688 2022 705 2046 :l
743 2008 870 2059 capite
901 2008 1147 2061 complicato
1180 2019 1219 2048 ct
1253 2008 1407 2048 ceruice
1444 2007 1594 2048 surium
1646 2009 1841 2060 spectante

569 2072 688 2112 latior
723 2083 762 2111 et
799 2076 994 2113 rotuudus
1018 2105 1028 2124 ,
1082 2087 1101 2113 a
1137 2074 1258 2116 cauda
1293 2082 1433 2112 vertex
1472 2073 1633 2115 iun-rior
1667 2083 1807 2111 acutus
1829 2103 1839 2113 ,

1696 2146 1837 2184 margo
