2008 2735
479 175 664 226 soms
707 174 917 223 cch
958 178 1170 222 AXEM.
1371 184 1460 228 ης

190 301 338 349 nibus,
392 308 490 351 quae
524 295 706 348 deinceps
738 305 787 334 ex
824 293 873 334 iis
906 293 1233 345 dcriuabuntur‚
1283 299 1324 332 et
1357 304 1463 347 quo-

190 369 298 406 niam
338 363 519 418 pluribus
550 359 871 402 conclusionibus
902 360 955 401 est
988 372 1124 414 opus,
1168 368 1383 413 antequam
1415 358 1462 399 ad

190 430 315 470 finem
348 437 536 481 optatum
573 426 862 481 perueniamus
886 455 897 476 ‚
948 425 989 465 in
1027 425 1088 465 his
1129 433 1260 464 certus
1317 423 1464 466 consti-

190 495 361 536 tuendus
413 495 492 533 erit
542 492 677 544 ordo,
738 500 785 532 vt
835 489 949 531 nulla
1000 488 1183 532 confusio
1232 488 1282 530 fit
1336 489 1466 545 perti-

191 559 405 603 mescenda.

340 638 579 683 PRIMVM
618 642 746 694 igitur
781 648 864 680 tam
885 638 997 681 locus
1016 650 1141 695 quam
1163 647 1353 693 tempus,
1385 650 1468 694 quo

189 707 345 750 macula
380 704 614 746 obseruatur
636 736 646 756 ,
683 704 820 746 sedulo
854 705 966 746 debet
1002 704 1160 754 notari3
1196 705 1352 745 ratione
1387 703 1467 745 loci

186 773 331 816 scilicet
366 769 544 810 eleuatio
580 770 665 824 poli
700 780 885 811 accurate
917 771 1031 812 debet
1062 768 1136 811 effe
1154 770 1338 821 cognita,
1372 777 1462 809 turn

187 850 286 881 vero
317 836 474 877 ratione
515 835 712 889 temporis
748 834 895 876 horam
930 836 1046 886 diei,
1089 844 1213 889 quota
1248 846 1291 876 ea
1328 832 1378 874 sit
1411 832 1465 874 si-

188 916 240 945 ve
275 914 366 944 ante
401 899 485 942 flue
520 901 604 954 post
640 901 854 942 meridiem
890 912 968 955 ope
1005 899 1212 952 horologii
1261 898 1467 942 oscillato-

187 970 239 1010 rii
274 969 319 1009 ad
356 966 571 1008 meridiem
619 965 789 1006 con-effi
838 965 1094 1021 exploratam
1148 964 1222 1004 else
1270 973 1466 1019 oportet;

182 1036 228 1076 ad
264 1033 372 1088 quod
409 1042 571 1086 tempus
604 1043 726 1072 verus
758 1029 871 1072 locus
906 1030 995 1072 solis
1029 1031 1069 1070 in
1108 1028 1295 1082 ecliptica
1355 1028 1466 1068 insu*

186 1112 257 1154 per
295 1098 346 1138 est
382 1095 648 1148 colligendus,
683 1095 755 1150 qui
792 1094 876 1137 siue
916 1108 969 1138 ex
1004 1092 1149 1136 tabulis
1200 1094 1435 1135 delumatur
1458 1124 1469 1145 ‚

185 1163 267 1204 siue
302 1174 353 1204 ex
388 1161 651 1202 declinatione
685 1160 777 1201 {olis
810 1159 1078 1203 concludatur
1099 1189 1112 1210 ,
1166 1159 1331 1213 perinde
1380 1159 1434 1201 est
1455 1190 1465 1210 ‚

185 1227 413 1268 dummodo
446 1226 608 1265 veritati
645 1225 694 1266 sit
724 1227 1020 1268 consentaneus,
1110 1223 1286 1265 Interim
1325 1234 1463 1266 tamen

188 1290 291 1331 leuis
326 1300 440 1327 error
477 1290 516 1326 in
554 1289 617 1327 his
653 1292 873 1330 momentis
916 1289 1153 1330 commiffus
1201 1287 1314 1329 facile
1367 1300 1468 1341 con--

188 1352 327 1395 donari
384 1351 541 1405 potest,
594 1363 690 1391 cum
740 1353 1012 1394 conclusiones
1048 1353 1140 1393 inde
1172 1354 1247 1393 vix
1280 1351 1466 1393 affician-

189 1429 292 1468 tur3
328 1417 365 1456 id
402 1416 508 1469 quod
546 1418 758 1470 praecipue
790 1418 843 1458 est
876 1418 1312 1467 animaduertendum,
1345 1416 1373 1457 si
1393 1415 1465 1455 ob·

189 1483 433 1524 seruationes
468 1481 650 1533 antiquas
674 1513 684 1532 ,
735 1493 835 1534 quae
871 1494 953 1523 non
987 1483 1104 1522 omni
1139 1495 1234 1523 cura
1269 1482 1347 1522 sint
1400 1481 1466 1520 in-

189 1549 346 1590 stitutae
369 1577 379 1596 ‚
414 1544 460 1586 ad
494 1545 701 1587 calculum
737 1558 927 1588 reuocare
963 1546 1151 1587 velimus.

323 1625 456 1668 SIVE
491 1626 643 1667 discum
680 1626 772 1667 solis
789 1626 938 1667 direstc
959 1625 1243 1681 inspiciamus,
1278 1625 1361 1666 s1ue
1379 1627 1466 1667 eius

191 1692 413 1744 imaginem
447 1691 489 1731 in
525 1704 681 1733 camera
726 1691 888 1733 obscura
939 1692 1226 1746 excipiamus,
1276 1693 1464 1746 primurn

191 1757 380 1797 omnium
417 1755 555 1798 locum
593 1756 775 1797 maculae
821 1757 867 1798 Μ
923 1757 1080 1798 ratione
1131 1758 1322 1799 diametri
1371 1756 1464 1797 solis

192 1822 393 1862 verticalis
431 1823 512 1865 ΑΒ
546 1821 833 1864 accuratissime
868 1820 1030 1861 definiri
1063 1823 1284 1871 conuenit3
1344 1832 1467 1863 vtro·

192 1898 270 1940 que
321 1896 459 1928 autem
514 1889 640 1930 modo
692 1889 889 1929 diameter
940 1886 1145 1928 verticalis
1176 1885 1371 1928 facillime
1403 1899 1462 1927 as-

190 1951 381 1999 signatur.

335 2037 646 2092 POSTQVAM
668 2049 804 2080 autem
830 2038 1025 2079 diameter
1048 2036 1136 2079 solis
1156 2048 1349 2092 apparens
1369 2035 1464 2077 dili-

188 2101 416 2155 gentissime
449 2103 569 2144 fuerit
608 2105 858 2144 mensuratus
880 2133 891 2153 ,
948 2113 1066 2158 atque
1100 2104 1140 2144 in
1175 2112 1334 2144 certum
1372 2114 1466 2155 par-

798 2169 840 2210 Μ
866 2180 907 2207 m
947 2179 969 2204 2
1356 2167 1464 2207 tium

1494 1626 1582 1663 Tab.
1609 1631 1667 1666 lV.

1491 1681 1563 1725 Fig.
1596 1691 1626 1715 1.
