2008 2735
547 198 637 244 376
925 188 1039 235 DE
1106 191 1425 235 CVPRO

537 317 618 349 tate
650 306 800 347 horum
837 303 1071 348 mixtorum
1107 309 1239 350 dicam
1265 338 1277 357 ‚
1327 306 1478 361 quippe
1513 307 1560 348 de
1602 317 1679 362 qua
1728 310 1810 354 al'o

537 381 720 425 tempore
751 372 838 411 sum
875 369 1097 414 locuturus.
1186 373 1234 414 ln
1269 372 1582 412 determinandis
1619 387 1809 415 momen-

538 438 588 477 tis
617 434 894 476 declinationis
930 448 1019 476 acus
1056 438 1302 488 magneticae
1325 468 1335 485 ‚
1389 437 1538 488 pyxide
1584 442 1807 489 magnetica

533 501 624 539 vsus
691 504 776 539 ium
840 499 1038 551 vulgari,
1105 514 1182 553 qua
1231 501 1546 542 metallifossbres
1600 513 1808 557 vtuntur‚

533 565 647 603 cuius
677 562 844 604 annulus
877 564 919 604 in
958 577 1018 613 24
1053 564 1170 606 horas
1192 596 1204 617 ‚
1258 567 1420 619 quaeuis
1452 579 1554 607 vero
1616 568 1714 608 hora
1767 571 1808 609 in

535 633 558 670 8
599 639 729 681 partes
759 639 833 670 etc.
871 628 1064 670 subdiuisa
1098 640 1195 670 erat.
1266 630 1501 681 Magnetem
1537 630 1699 671 adhibui
1736 647 1809 673 ar-

532 691 740 734 tificialem
774 692 863 735 tatis
899 694 1081 734 validum
1108 727 1119 745 ‚
1150 694 1214 737 cui
1252 706 1327 746 pro
1359 695 1607 748 explorando
1640 708 1806 748 magne-

534 758 660 797 tismo
710 758 889 799 cuiusuis
939 758 1103 812 reguli,
1172 758 1324 801 scobem
1376 758 1564 801 limatam
1623 761 1803 802 eiusdem

534 820 690 864 subieci.

682 925 834 977 Exper.
871 938 908 963 2.
942 925 1105 978 Lapidis
1139 923 1390 966 calaminaris
1431 916 1611 962 eiusdem
1663 922 1805 964 indolis

529 986 585 1027 ast
618 985 799 1029 blandius
832 988 1013 1028 calcinziti
1047 990 1078 1036 ς.
1115 1000 1155 1034 7.
1197 1001 1234 1026 2.
1271 1000 1364 1027 cnm
1400 998 1470 1026 ana
1517 988 1635 1041 cupri
1686 991 1804 1029 vncia

531 1050 701 1092 dimidia
737 1051 813 1092 fusa
837 1083 848 1102 ,
903 1052 991 1091 fatis
1026 1051 1289 1091 vehementer
1320 1064 1341 1089 a
1384 1060 1568 1098 magnete
1622 1051 1804 1094 traheba-

534 1123 602 1154 tur
625 1145 636 1165 ‚
670 1115 722 1156 ast
760 1127 836 1156 non
872 1127 994 1168 aeque
1027 1127 1070 1154 ac
1105 1113 1346 1154 antecedens.
1413 1112 1683 1152 Orichalcum
1718 1128 1802 1156 erat

530 1177 714 1228 elegans,
747 1179 941 1220 ductilius
978 1180 1257 1232 praecedente,
1291 1188 1330 1216 et
1368 1175 1605 1230 ponderabat
1640 1179 1801 1218 ruciam

528 1241 746 1281 dimidiam
770 1273 781 1293 ,
828 1241 1064 1283 drachmam
1106 1241 1332 1282 dimidiam.
1434 1241 1544 1279 Acus
1578 1244 1801 1291 magnetica

527 1302 745 1347 declinabat
779 1309 794 1357 ὲ
830 1305 961 1348 horae.

676 1401 828 1455 Exper.
869 1413 907 1450 3.
945 1400 1075 1441 Vncia
1110 1411 1189 1440 vna
1223 1399 1343 1452 cupri
1375 1406 1415 1437 et
1451 1395 1690 1438 tantundem
1741 1397 1803 1440 la-

525 1464 630 1518 pidis
662 1464 915 1507 calaminaris
950 1466 1049 1507 lutei
1085 1464 1260 1505 durioris
1294 1460 1600 1504 Tarnouicensss
1634 1463 1663 1512 §.
1688 1466 1730 1504 6.
1755 1476 1796 1513 3.

525 1529 567 1583 β.
607 1530 864 1571 mediocriter
899 1529 1083 1571 calcinati
1116 1531 1145 1579 §.
1183 1541 1222 1577 7.
1261 1542 1299 1568 2.
1335 1528 1383 1568 ad
1416 1525 1651 1568 drachmam
1674 1540 1799 1569 vnam

524 1592 639 1632 austu
673 1604 756 1634 erat
792 1596 967 1647 pondere
990 1625 1001 1645 ‚
1041 1606 1062 1634 a
1100 1604 1285 1646 magnete
1319 1593 1406 1633 satis
1441 1590 1664 1631 luculenter
1704 1605 1798 1633 mo-

524 1656 695 1698 vehatur
716 1689 728 1710 ,
762 1671 878 1699 acum
912 1672 1012 1700 vero
1045 1659 1237 1699 intactam
1272 1657 1528 1711 relinquebat.

671 1753 822 1808 Exper.
901 1768 944 1805 4.
1013 1754 1133 1808 Lapis
1182 1753 1432 1795 calaminaris
1482 1750 1795 1806 aquisgranensis

520 1816 653 1859 luteus
698 1819 936 1874 compactus
987 1819 1151 1873 vulgari
1198 1822 1322 1862 modo
1361 1820 1392 1869 5.
1429 1829 1466 1868 7.
1511 1831 1546 1856 1.
1579 1817 1794 1858 calcinatus

521 1895 614 1925 cum
650 1896 721 1925 ana
756 1885 872 1939 cupri
909 1884 1026 1926 vncia
1061 1885 1229 1927 dimidia
1261 1884 1365 1925 fusus
1386 1914 1397 1932 ‚
1447 1881 1698 1924 orichalcum
1732 1881 1794 1922 of-

521 1948 665 1989 ferebat
711 1952 818 2003 quod
872 1962 892 1989 a
947 1959 1133 2002 magnete
1193 1961 1274 1990 non
1331 1947 1476 1990 leuiter
1543 1946 1790 1989 trahebatur.

523 2013 660 2052 Acum
699 2016 966 2066 magneticam
1001 2027 1083 2057 non
1116 2014 1288 2057 feriebat.
1383 2012 1549 2055 Pondcri
1579 2012 1695 2068 cupri
1727 2024 1792 2053 ae·

517 2074 708 2118 cefferant
740 2090 861 2132 grana
898 2093 967 2132 33.

1630 2171 1785 2226 Exper.
