2008 2735
495 133 1120 180 TORMAYER.
1357 149 1447 190 329

166 250 260 293 Viri
293 248 452 290 animus
485 260 565 290 non
601 249 654 290 est
677 279 687 299 ,
723 259 852 302 neque
886 246 1007 289 aliter
1042 249 1204 290 asturus
1239 251 1325 290 sum
1348 264 1444 292 cum

165 316 284 369 ipso,
339 327 460 368 quam
518 322 564 354 vt
599 325 764 355 mecum
798 322 917 368 agant
953 312 1025 355 alii
1056 325 1215 359 naturae
1250 316 1450 358 scrutato-

165 392 224 423 res
247 412 257 433 ‚
292 390 469 434 excepto.

563 493 591 540 S
627 497 665 539 E
703 494 738 539 c
771 496 811 538 T
845 498 866 541 1
901 499 941 541 o
1005 496 1042 540 1.

264 574 370 634 De
428 570 552 633 fitu
616 578 853 636 centri
917 578 1324 659 magnetici.

313 708 421 765 Quid
456 710 624 751 nomine
657 710 789 751 centri
821 709 1040 762 magnetici
1064 741 1075 761 ‚
1128 709 1170 750 in
1225 706 1443 750 'lentamz'ne

160 784 258 814 meo
293 772 476 815 'l'heoriae
510 774 789 817 Elearicitatis
823 784 862 816 et
898 774 1153 828 Magnetismi
1187 773 1444 827 intelligam,

160 837 341 878 breuiter
377 847 555 892 repetere
590 838 656 881 hic
691 853 772 881 non
808 837 956 881 inutile
988 850 1101 893 puto.
1192 837 1304 879 Cum
1341 838 1439 879 nul-

159 901 221 941 lus
257 906 479 957 reperiatur
513 915 677 955 magnes
703 935 714 954 ‚
747 905 818 956 qui
852 904 974 944 vnico
1007 903 1136 942 solum
1173 904 1439 954 magnetismi

155 978 304 1018 genere¹
338 969 540 1018 gaudeat,
590 968 651 1006 ied
683 979 826 1007 omnes
878 976 964 1005 tam
1013 965 1262 1016 australem,
1314 979 1440 1020 quam

156 1029 355 1069 borealem
393 1028 514 1069 simul
547 1029 791 1082 poffidcant3
826 1038 948 1084 atque
983 1029 1047 1069 vis
1082 1030 1311 1082 magnetica
1355 1043 1439 1071 non

153 1094 275 1133 vnico
311 1094 464 1147 pund'to
500 1092 708 1135 inhaereat
734 1125 746 1146 ‚
798 1095 860 1136 sed
894 1106 967 1148 per
1003 1103 1141 1135 totum
1197 1106 1437 1148 magnetem

151 1157 287 1198 diffusa
323 1159 408 1210 fit3
463 1159 707 1213 tandemque
743 1159 1042 1212 magnetismus
1074 1152 1256 1200 australis
1291 1171 1332 1201 et
1366 1161 1440 1201 bo-

155 1223 267 1261 rcali>
303 1221 511 1277 oppositae
547 1223 624 1264 sint
659 1234 854 1277 naturae3
904 1224 1035 1279 liquet
1069 1226 1110 1265 in
1145 1225 1293 1278 quouis
1344 1237 1438 1268 ma-

152 1295 268 1337 gnete
301 1287 385 1328 dari
422 1285 562 1327 locum
598 1289 798 1341 quendam
821 1321 833 1341 ,
866 1290 939 1344 qui
971 1295 1135 1343 partem
1167 1287 1317 1330 boreali
1342 1280 1448 1330 ma?

151 1352 356 1403 gnctismo
389 1352 612 1405 praeditam
638 1383 649 1403 ,
680 1353 865 1396 discernit
900 1365 1022 1407 atque
1055 1355 1209 1409 separat
1229 1385 1240 1405 ,
1283 1367 1303 1393 a
1338 1360 1446 1408 para

154 1425 190 1455 te
224 1417 434 1458 australem
473 1418 795 1469 magnetismum
831 1418 1060 1472 possidente.
1145 1418 1334 1473 Cumque
1368 1418 1436 1460 hic

154 1479 266 1521 locus
316 1483 346 1521 is
396 1481 479 1530 sit,
531 1494 571 1521 1n
620 1495 701 1536 quo
751 1484 1047 1536 magnetismus
1088 1482 1260 1524 borealis
1294 1485 1335 1524 in
1372 1484 1433 1525 sui

150 1545 385 1600 oppofitum
443 1545 617 1597 transit,
668 1559 738 1602 per
785 1549 822 1589 se
873 1547 1002 1605 liquet
1037 1547 1170 1600 ipsum
1209 1546 1288 1588 hoc
1325 1557 1449 1600 pun-‘

148 1611 263 1652 &um
302 1613 574 1664 magnetismo
610 1612 726 1666 plane
760 1623 903 1666 expers
938 1610 1030 1652 effe.
1115 1612 1277 1654 Locum
1323 1610 1432 1655 hunc

150 1687 340 1717 veterum
393 1675 663 1729 Phyficorum
713 1675 842 1731 aliqui
896 1685 1140 1731 aequatorem
1180 1671 1433 1732 magneticum

151 1751 350 1782 vocarunt
373 1773 383 1793 ,
417 1754 493 1795 ego
526 1751 696 1784 centrum
730 1744 982 1797 magneta-um
1017 1741 1236 1795 appellaui.

302 1806 501 1848 Similiter
558 1820 602 1848 ac
652 1819 728 1860 ego
779 1809 953 1848 rationes
1006 1806 1196 1848 subduxit
1229 1805 1427 1848 celeberr.

150 1867 341 1918 Mayerus
360 1902 371 1920 ,
405 1884 446 1912 ea
480 1873 613 1914 solum
650 1874 918 1914 intercedente
947 1871 1169 1913 differentia
1197 1903 1208 1923 ‚
1242 1880 1291 1913 vt
1317 1872 1428 1926 quod

149 1945 226 1984 ego
260 1944 429 1976 centrum
462 1939 706 1991 magneticum
728 1970 740 1990 ,
796 1938 836 1979 id
872 1937 951 1992 ipse
985 1934 1226 1990 simpliciter
1256 1944 1428 1978 centrum

148 2001 347 2039 nominet.
434 2000 568 2042 Prima
603 2016 704 2057 quae
737 2004 843 2044 circa
878 2002 955 2044 hoc
991 2010 1182 2042 centrum
1220 2003 1425 2053 magneti-

147 2075 244 2106 cum
283 2064 443 2104 moueri
481 2067 606 2119 potest
641 2069 816 2122 quaestio
837 2097 849 2120 ,
897 2079 940 2109 ea
974 2066 1027 2107 cst
1048 2096 1060 2117 ,
1095 2076 1143 2109 vt
1177 2067 1428 2110 determine·

215 2128 339 2169 Tom.
353 2129 454 2170 XII.
469 2130 757 2173 Nou.Comm.
977 2130 1016 2172 T
1036 2140 1052 2175 t
1360 2140 1429 2172 tur
