2008 2735
586 236 670 268 520
853 212 1553 262 OBSERVATIONES

733 333 859 376 Color
911 334 1119 375 frondium
1168 331 1294 374 sature
1327 331 1636 386 laetiffimaeque
1673 331 1818 376 viridis
1839 363 1852 386 ‚

585 403 732 443 inferne
767 408 990 451 argenteus.

741 513 913 556 Limbus
948 510 1216 566 pinnularum
1252 510 1426 566 simplici
1463 511 1556 554 serie
1590 510 1854 564 globulorum

586 581 871 623 lutesceutium
907 579 1058 620 constat
1080 607 1092 626 ‚
1141 577 1211 629 qui
1245 577 1377 630 planta
1412 577 1636 618 maturitati
1670 580 1860 630 proxima

589 649 629 688 in
669 658 797 687 vnum
833 656 981 697 corpus
1014 641 1259 693 confluunt,
1298 651 1513 695 antequam
1549 645 1731 685 colorem
1764 655 1861 682 cum

590 715 709 765 nigro
740 719 1010 751 commutant.
1085 706 1218 761 Quam
1255 709 1440 760 primum
1477 708 1610 761 planta
1646 718 1856 748 maturia-

592 790 676 819 tem
712 776 823 818 nacta
856 770 910 816 est
931 805 943 826 ‚
979 771 1072 815 tarsi
1106 773 1148 812 in
1168 770 1338 825 globum
1357 771 1664 815 contrahuntur.

743 891 877 934 Facies
929 897 1013 928 tota
1062 885 1359 928 Hem'ionitidis
1396 887 1590 941 profunde
1624 885 1833 928 laciniatae
1855 916 1867 936 ‚

593 956 638 996 ad
671 967 761 996 oras
795 953 1116 1010 pulueruleutae.
1204 950 1279 992 Sed
1312 952 1358 994 ab
1391 953 1528 993 eadem
1564 952 1697 992 differt
1731 951 1867 992 colore

594 1020 789 1061 fimorum
819 1018 1029 1061 ffituratius
1064 1016 1188 1058 viridi
1220 1016 1372 1057 inferne
1403 1017 1570 1058 candido
1591 1047 1602 1069 ,
1647 1027 1689 1057 et
1723 1016 1867 1058 statura

598 1082 834 1125 humiliore.

1195 1213 1274 1253 IX.

388 1335 575 1372 'rab.X111.
750 1311 1079 1368 Liquidambaris
1115 1308 1359 1364 asplenifolii
1380 1340 1392 1360 ‚
1442 1310 1600 1363 optime
1630 1323 1655 1351 a
1704 1310 1876 1354 PLVK·

604 1380 795 1424 NETIO
821 1378 926 1435 phyt,
960 1387 992 1418 t.
1035 1389 1133 1416 100.
1159 1375 1195 1430 s.
1233 1377 1308 1423 67.
1344 1372 1533 1415 delineati
1555 1404 1567 1424 ‚
1620 1386 1663 1416 et
1696 1376 1766 1416 sub
1800 1390 1874 1418 no-

606 1448 746 1488 mine:
816 1444 951 1495 Myrti
992 1441 1237 1482 brabanticae
1271 1438 1413 1479 adfinis
1442 1437 1670 1481 americana
1693 1471 1704 1491 ,
1754 1442 1875 1482 folio-

606 1524 703 1554 rum
739 1509 893 1551 laciniis
926 1508 1089 1560 asplenii
1127 1505 1251 1546 modo
1284 1502 1420 1545 diuisis
1442 1536 1453 1555 ,
1501 1503 1690 1558 descripti
1738 1507 1876 1546 curio-

607 1577 752 1620 sissima
773 1606 784 1624 ,
821 1574 970 1628 pariter
1000 1585 1043 1612 ac
1077 1569 1276 1611 rarissima
1309 1570 1480 1611 varietas
1510 1568 1628 1609 datur
1648 1600 1659 1620 ‚
1699 1582 1799 1623 quae
1831 1570 1879 1610 ab

608 1642 692 1685 illis
715 1672 726 1691 ‚
760 1640 830 1691 qui
866 1636 1181 1678 multitudinem
1214 1636 1436 1688 specierum
1471 1643 1607 1676 amant
1630 1665 1642 1685 ‚
1698 1648 1774 1688 pro
1808 1648 1879 1676 no·

610 1719 666 1748 vo
699 1703 1000 1756 liquidambaris
1032 1697 1227 1752 exemplo
1260 1701 1433 1756 proponi
1469 1697 1603 1755 posset.
1688 1699 1879 1740 Prouenit

612 1774 653 1813 in
690 1769 880 1812 America
917 1764 1248 1820 septentrionali,
1295 1777 1336 1806 et
1370 1764 1464 1807 folia
1510 1763 1625 1805 habet
1674 1763 1845 1816 oblonga
1868 1794 1879 1815 ,

612 1833 906 1888 asplenifi.=rmia
942 1831 1252 1884 alternatimque
1291 1830 1475 1881 sinuata;
1522 1828 1583 1869 sed
1636 1837 1719 1870 tota
1772 1828 1880 1882 pilo-

613 1900 758 1943 simma
789 1899 842 1939 est
865 1929 877 1947 ‚
906 1897 1143 1950 caulemque
1177 1896 1285 1949 gerit
1316 1899 1414 1939 adeo
1445 1893 1648 1948 hispidum
1672 1925 1684 1944 ,
1735 1903 1783 1933 vt
1816 1893 1883 1934 su-

615 1977 737 2018 perne
771 1974 881 2004 totus
932 1961 1186 2014 lanuginosus
1240 1960 1300 2002 sit.
1397 1958 1509 2003 Folia
1559 1958 1730 2008 deinde,
1780 1969 1882 2012 quae

616 2027 759 2069 latiora
795 2026 932 2082 paullo
966 2039 1006 2068 et
1039 2026 1178 2067 latiora
1214 2025 1299 2068 i'lis
1335 2027 1459 2077 sunt,
1510 2037 1611 2079 quae
1659 2022 1880 2078 liquidam-

616 2094 685 2135 bnr
715 2092 1013 2147 asplenifolium
1050 2093 1299 2133 ordinarium
1347 2091 1485 2144 gerit,
1536 2088 1780 2145 pubescunt,
1834 2094 1880 2125 vt

618 2159 740 2201 caulis
763 2188 774 2210 ‚
826 2157 920 2213 pilis
972 2159 1156 2200 minimis
1189 2157 1418 2212 marginem
1450 2167 1596 2200 eorum
1629 2148 1879 2254 circurztgan-

1814 2223 1877 2263 us3
