2008 2735
355 166 437 208 Ex
475 163 872 208 CHARACTERE
907 163 1223 206 BOTANJCO.
1330 176 1419 215 547

150 281 242 336 plus
277 279 342 322 sibi
377 278 552 320 consulit
573 309 585 328 ,
635 276 665 317 si
695 277 894 318 selectum
938 278 1053 318 fficiat
1100 278 1421 318 medicaminum

149 347 417 400 adparatum,
468 354 648 397 quorum
701 341 915 396 qualitates
974 342 1022 383 ad
1074 342 1262 383 amussim
1307 340 1421 382 habet

150 410 379 466 perspectas.
480 407 641 449 Instabis
672 419 803 460 ergo,
843 406 1119 449 characterem
1154 407 1388 447 botanicum
1411 435 1424 455 „

150 486 345 530 quatenus
379 475 485 515 vires
518 474 664 522 eruit,
715 471 790 514 effe
824 474 989 526 quinem
1026 473 1124 514 scitu
1157 470 1386 524 elegantem
1410 501 1421 522 ,

148 540 209 580 sed
244 552 390 593 parum
427 539 554 589 frugis
588 538 772 587 adferre,
820 537 930 591 quod
971 546 1033 579 tot
1087 538 1168 577 iam
1218 548 1260 578 et
1312 546 1420 577 tanta

147 603 366 646 habeantur
400 605 440 644 in
475 603 651 645 officinis
685 602 993 644 medicamenta.
1059 600 1172 644 Cane
1203 602 1260 643 ita
1294 602 1422 642 ratio-

146 671 299 711 cineris.
370 669 439 710 Est
473 669 728 721 manebitque
762 679 822 707 res
857 666 1081 708 vtiliffima.
1149 665 1331 708 Plantam
1357 665 1423 707 in-

148 735 357 785 cognitam
383 764 395 784 ,
445 733 493 773 de
542 745 619 786 qua
676 731 772 773 scire
804 732 1001 782 interest,
1049 743 1172 785 quam
1208 730 1421 771 salutarem

149 799 216 840 vel
251 800 417 840 noxiam
454 796 594 838 habeat
629 796 864 848 virtutem,
913 808 993 837 non
1030 797 1183 848 poteris
1234 796 1280 836 ad
1333 795 1422 848 pri-

151 874 272 904 mum
307 864 509 904 intuitum
561 861 830 902 determinare
880 871 1042 901 eatenus
1093 862 1246 912 citius,
1296 872 1419 913 quam

148 926 378 969 charactere
411 928 595 968 botanico
616 957 628 977 ‚
673 926 715 965 in
746 924 965 966 consilium
1000 923 1189 966 adhibito.
1289 924 1421 964 Huius

148 1003 228 1044 ope
262 993 478 1044 cognitum
527 990 598 1031 tibi
651 991 874 1038 reddetur,
925 1002 1027 1030 num
1081 991 1202 1030 noxia
1251 987 1333 1039 fit,
1382 998 1424 1030 et

148 1054 280 1109 qualis
313 1065 477 1095 naturae
511 1055 627 1094 virus
649 1084 660 1103 ‚
699 1053 843 1094 in.illa
875 1054 1133 1094 reconditum
1158 1082 1170 1103 ,
1224 1050 1423 1106 huiusque

146 1130 224 1172 ope
255 1119 377 1168 (ciffi,
429 1129 652 1173 quemnam
687 1116 814 1158 intret
864 1118 1257 1159 medicamentorum
1310 1118 1423 1162 ordi-

146 1195 240 1224 nem
264 1215 275 1235 ,
326 1182 456 1235 postea
490 1181 741 1234 experientia
774 1181 1029 1231 edoceberis,
1077 1193 1159 1234 quo
1206 1183 1246 1221 in
1294 1182 1422 1233 gradu

147 1256 247 1298 agat.
346 1244 494 1300 Neque
544 1245 610 1285 hic
665 1243 819 1285 vtilitas
862 1245 1029 1286 subfisit.
1092 1245 1217 1299 Saepe
1248 1258 1423 1287 numero

146 1319 313 1365 oportet
347 1310 524 1351 remedia
561 1310 728 1350 variare.
831 1308 1054 1366 Quomodo
1090 1312 1129 1352 id
1166 1310 1255 1350 fieri
1299 1309 1424 1365 posset

149 1376 283 1429 aptius
306 1406 316 1425 ‚
349 1387 474 1428 quam
495 1375 727 1428 cognitione
745 1373 924 1416 botanica
945 1406 957 1427 ,
990 1387 1068 1429 qua
1087 1374 1273 1417 suffultus
1307 1375 1424 1416 fimi·

149 1439 202 1480 lia
252 1439 448 1480 similibus
496 1440 714 1491 commode
778 1438 1080 1480 substituuntur.
1181 1440 1239 1482 Et
1299 1440 1420 1494 plura.

151 1503 300 1545 Nonne
333 1518 377 1546 ea
398 1537 409 1557 ‚
445 1506 512 1546 vbi
548 1505 744 1548 necessitas
775 1505 887 1558 cogit
909 1536 919 1556 ,
960 1507 1008 1547 ad
1042 1504 1119 1546 alia
1156 1506 1424 1546 medicamina

151 1570 327 1620 cogitare
349 1601 360 1621 ,
394 1571 460 1612 vbi
497 1570 644 1612 scilieet
676 1582 823 1612 eorum
858 1570 975 1624 copia
1011 1583 1091 1610 non
1125 1571 1246 1610 datur
1268 1602 1278 1622 ,
1320 1582 1421 1624 quae

154 1632 282 1686 vulgo
313 1646 396 1677 rata
433 1634 655 1687 habentur,
691 1635 932 1677 facillimam
969 1634 1211 1676 methodum
1248 1637 1423 1690 praebet,

154 1700 341 1752 penuriae
392 1697 680 1743 succurrendi?
751 1699 935 1742 Medicus
994 1700 1230 1756 Europaeus
1289 1699 1423 1740 Indias

155 1762 379 1805 Orientales
411 1776 452 1806 et
483 1764 758 1809 Occidentales
791 1765 901 1807 abeat
923 1796 933 1816 ,
986 1756 1217 1820 ibidemque
1268 1764 1389 1805 discat
1411 1792 1422 1813 ,

154 1831 364 1880 quomodo
395 1829 473 1871 suis
506 1833 594 1874 inde
631 1829 780 1885 plantis
815 1831 904 1872 suos
936 1841 1070 1871 curare
1104 1830 1252 1872 soleant
1306 1839 1422 1868 mor·

154 1891 221 1931 bOS
242 1923 253 1943 ,
304 1902 344 1933 et
378 1897 639 1938 mirabundus
673 1895 856 1948 agnoscat
878 1926 889 1946 ,
939 1895 1072 1936 cuiuis
1106 1894 1263 1947 regioni
1315 1893 1422 1933 datas

153 1955 226 1996 esse
247 1988 257 2006 ‚
291 1958 434 2010 quibus
468 1962 631 2014 indiget.
718 1960 834 2012 Ergo
864 1961 930 2001 sua
963 1969 1174 2009 aromata,
1221 1960 1286 1999 sua
1321 1970 1423 2012 pur-

156 2022 326 2073 gantia,
365 2022 429 2064 sua
474 2025 713 2069 resoluentia
737 2055 748 2074 ‚
797 2024 863 2064 vel
896 2025 1074 2065 desumta
1107 2035 1159 2065 ex
1191 2024 1328 2065 eadem
1365 2024 1420 2064 fa—

728 2087 768 2129 Z
788 2099 811 2128 z
829 2100 853 2128 z
892 2101 916 2127 2
1294 2091 1426 2139 milia,
