2008 2735
352 163 859 209 BAROMETRORVM
890 163 1262 224 DISQVISITIO.
1366 180 1456 223 307

185 293 246 325 ter
298 283 410 322 vari-„1
465 282 689 322 barometra
743 279 980 321 varietatem
1035 283 1248 336 quandam.
1349 282 1462 339 Quae

182 350 293 388 euim
332 359 409 387 non
446 345 605 385 summe
639 344 810 398 perfecta
843 346 933 387 sunt
958 377 969 396 ,
1001 358 1045 387 ac
1079 347 1352 400 negligentius
1385 347 1466 388 ali-

181 422 380 467 quantum
415 410 638 452 constructa
661 440 673 459 ‚
708 409 890 451 luculum
927 410 1057 453 solum
1092 414 1304 467 spargunt,
1340 413 1464 454 latius

183 491 264 518 non
300 476 481 517 diffusam
513 507 523 526 ‚
554 476 615 517 scd
651 476 835 515 summae
872 478 1064 517 mercurii
1103 478 1327 532 superficiei
1362 491 1465 532 qua-

182 543 211 583 s1
266 541 579 592 adhaerentem,
634 540 841 594 ipsamque
894 542 934 580 iu
969 543 1148 583 descensu
1181 543 1461 585 comitantem.

181 606 376 650 Generosa
413 614 545 646 autem
581 605 812 646 barometra
848 604 1011 657 lucida,
1065 608 1196 648 statim
1237 609 1338 648 dum
1391 609 1466 649 de-

181 673 359 713 scendere
395 671 538 723 incipit
572 668 655 713 {Sus
679 703 689 721 ‚
724 669 881 723 largam
918 672 1042 712 edunt
1076 673 1210 716 lucem
1238 703 1249 723 ,
1283 684 1352 726 per
1389 686 1465 714 va-

183 749 307 779 cuum
348 736 521 787 fulguris
555 735 675 775 instar
711 735 746 775 se
777 737 1073 788 expandentem
1099 768 1109 788 ‚
1154 747 1362 792 totamque
1392 740 1463 779 τιέ-

180 815 224 842 re
259 813 430 842 vacuam
467 800 689 839 barometri
752 810 908 853 partem
962 802 1212 858 superiorem
1237 834 1247 854 ,
1298 805 1462 858 penitus

179 865 419 920 replentem.

335 944 381 998 h)
415 941 674 995 Contingunt
709 943 805 987 haec
842 942 881 984 in
904 945 1081 986 descensu
1118 947 1311 988 mercurii
1343 979 1354 999 ,
1389 944 1464 988 neo'

179 1023 258 1065 que
292 1009 531 1059 ordinario,
565 1010 663 1048 dum
700 1007 766 1047 hic
802 1009 973 1049 ascendit
996 1041 1007 1061 ,
1060 1007 1136 1049 lux
1170 1009 1254 1051 vlla
1289 1012 1463 1064 conspici

176 1074 289 1116 solet.
353 1072 528 1113 Interim
564 1072 756 1124 quaedam
793 1085 953 1127 quoque
975 1105 986 1124 ‚
1019 1073 1074 1114 ast
1107 1087 1187 1116 non
1223 1075 1295 1116 nifi
1321 1089 1463 1130 pauca,

174 1136 444 1181 inueniuntur
479 1135 706 1177 barometra
731 1167 742 1187 ,
793 1150 894 1193 quae
931 1140 1080 1179 interea
1106 1170 1118 1190 ‚
1152 1140 1254 1180 dum
1290 1143 1462 1184 ascendit

178 1203 407 1245 mercurius
431 1232 442 1250 ‚
475 1199 626 1241 lucent.
696 1202 764 1242 Est
799 1215 899 1244 vero
933 1202 1007 1243 lux
1045 1204 1113 1244 ista
1145 1216 1353 1258 nunquam
1377 1220 1460 1249 non

176 1265 314 1309 debilis
338 1296 348 1315 ,
393 1265 585 1304 mercurii
620 1265 843 1318 superficiei
880 1269 1061 1308 summae
1093 1266 1307 1309 adhaerens
1332 1301 1343 1319 ‚
1395 1281 1462 1312 ar·

176 1343 258 1386 que
292 1341 385 1370 cum
424 1328 504 1381 ipfir
538 1330 745 1370 ascendens
766 1362 777 1382 ,
828 1342 868 1371 et
898 1344 971 1384 per
1022 1333 1165 1374 tubum
1216 1334 1458 1376 vniuertum

178 1407 387 1449 nunquam
421 1393 606 1445 expansa.

325 1478 360 1534 c)
398 1479 538 1521 Edunt
580 1479 810 1522 barometra
834 1513 846 1534 ‚
897 1493 1075 1535 quorum
1131 1493 1218 1536 pars
1269 1482 1458 1539 suprema

174 1545 222 1588 ab
255 1547 346 1586 a’e're
382 1545 543 1600 penitus
577 1557 702 1586 vacua
750 1547 834 1598 est,
888 1549 1061 1587 omnino
1109 1547 1243 1588 lucem
1273 1579 1284 1598 ‚
1335 1550 1461 1590 modo

175 1612 256 1653 rite
287 1609 511 1652 constructa
552 1608 626 1649 s1nt
648 1641 660 1659 ,
710 1621 827 1665 atque
862 1610 1059 1652 falluntur
1081 1642 1091 1662 ,
1142 1613 1210 1665 qui
1246 1613 1350 1652 ae'ris
1412 1614 1459 1654 ad

175 1675 479 1730 producendam
516 1675 652 1716 lucem
706 1677 972 1717 necestitatem
1025 1677 1276 1728 defendunt,
1328 1689 1459 1730 neque

175 1742 310 1782 lucere
360 1740 466 1796 posse
516 1742 833 1793 barometrum,
887 1742 959 1782 nifi
1015 1754 1095 1781 vna
1145 1741 1319 1781 alteraue
1353 1743 1458 1781 a'e'ris

175 1804 328 1847 bullula
365 1807 450 1846 tubi
500 1806 783 1846 summitatem
835 1814 1035 1859 occupet,
1087 1805 1355 1856 existimant,
1405 1818 1457 1847 ex

178 1882 358 1927 quorum
394 1882 570 1912 numero
601 1871 655 1912 est
690 1870 822 1913 Celeb.
857 1868 1187 1926 Mzffchenhroeck.

327 1963 367 2019 d)
404 1965 549 2019 Neque
586 1979 720 2009 tamen
757 1968 824 2006 a'e’r
860 1963 1190 2007 baromctrorum
1249 1960 1458 2019 phospho-

178 2030 391 2072 rescentiae
423 2033 596 2074 omnino
658 2033 887 2072 aduersatur
911 2061 921 2080 ,
975 2029 1058 2068 vidi
1111 2029 1219 2068 enim
1273 2028 1425 2084 saepius
1445 2062 1457 2083 ‚

178 2096 361 2140 viuidam
395 2096 612 2150 procreasse
642 2099 775 2139 lucem
812 2095 1039 2134 barometra
1061 2125 1072 2147 ‚
1124 2094 1166 2134 in
1200 2092 1344 2148 quibus
1380 2108 1457 2135 no-

780 2160 828 2217 Q
837 2173 862 2214 q
899 2173 922 2200 2
1325 2157 1457 2203 rabilis
