2008 2735
329 1455 500 1492 scholium

328 1509 367 1541 de
398 1508 530 1542 metho-

328 1559 369 1591 do
395 1558 511 1593 descri-

327 1609 532 1644 bendihisto-

327 1660 409 1692 riam
436 1673 514 1695 ouo-

329 1721 411 1743 rum.

549 226 643 267 474
833 206 938 251 DE
1003 206 1563 251 FORMAmoNE

546 326 590 384 (ς.
632 324 714 381 10.)
747 336 850 380 quae
881 334 941 366 res
961 354 973 372 ‚
1006 322 1098 366 licet
1132 324 1294 381 prorsus
1329 324 1467 367 innota
1502 337 1582 366 non
1604 323 1676 377 sit,
1711 326 1822 368 (ansa

549 394 697 436 tomiae
726 392 838 432 enim
872 388 1018 431 diuisto
1053 391 1203 445 partim
1245 390 1342 431 huic
1398 391 1663 433 fundamento
1716 391 1822 432 inni-

548 457 699 513 titur);
730 456 776 497 ab
809 455 881 499 illa
916 463 1050 496 tamen
1084 453 1354 498 similitudine
1386 463 1426 497 et
1458 457 1680 496 accuratius
1715 455 1823 497 indi-

546 535 659 566 catur
679 553 692 574 ‚
737 532 780 564 et
809 520 1042 564 euidentius
1074 520 1382 563 demonstratur.
1448 515 1688 562 Similitudo
1707 520 1822 563 enim

546 589 698 630 horum
732 585 999 638 systematum
1024 615 1035 637 ,
1086 596 1186 640 quae
1222 588 1264 628 in
1299 585 1438 627 adulto
1479 598 1650 639 corpore
1706 578 1823 630 nullo

547 654 671 695 modo
702 651 850 693 similia
882 650 953 692 sibi
997 652 1089 692 sunt
1111 681 1123 702 ‚
1174 652 1419 693 demonstrat
1443 680 1455 702 ,
1501 652 1823 706 vnumquodque

546 731 692 760 eorum
728 717 954 758 absolutum
988 725 1030 757 et
1063 716 1287 771 perfeetum
1321 727 1425 770 opus
1458 714 1532 757 esse
1556 746 1568 766 ,
1617 725 1658 758 et
1709 715 1824 756 inde-

547 784 722 838 pendens
769 784 816 824 ab
867 781 1031 833 altero,
1096 793 1169 821 nec
1220 781 1399 822 alterum
1449 780 1619 821 alterius
1666 789 1824 833 partem

546 848 769 890 existimari
806 841 920 900 posse.
989 843 1246 898 Intelligitur
1278 853 1437 900 quoque
1457 874 1469 895 ‚
1503 857 1577 886 cur
1609 841 1650 885 in
1683 842 1827 884 adulto

546 923 718 966 corpore
752 910 958 953 diffimilia
991 910 1104 951 fiant.
1204 908 1352 952 Nimia
1399 909 1512 951 enim
1567 904 1825 960 singulorum

546 974 738 1030 expansio
768 984 808 1014 et
839 975 975 1015 secum
1018 975 1200 1015 inuicem
1249 975 1452 1026 confusio,
1505 968 1677 1015 aliarum
1732 979 1828 1027 par-

549 1042 660 1081 tium
692 1037 922 1080 constriCtio
956 1037 999 1076 in
1035 1038 1175 1078 minus
1207 1032 1408 1078 volumen
1431 1069 1442 1088 ‚
1474 1038 1647 1079 aliarum
1685 1038 1830 1079 distor-

549 1103 608 1145 fio
630 1135 641 1153 ‚
674 1101 771 1143 situs
806 1100 902 1142 hine
937 1099 1142 1141 necessaria
1185 1102 1364 1141 mutatio
1386 1132 1397 1149 ,
1445 1102 1563 1140 cuius
1615 1100 1671 1140 rei
1722 1109 1794 1142 cor
1817 1131 1828 1151 ,

549 1179 571 1208 a
605 1166 742 1208 Perill.
781 1164 938 1207 Hallero
989 1163 1258 1217 expositum,
1311 1163 1553 1216 exemplum
1611 1165 1829 1216 egregium

548 1231 697 1280 offert;
751 1227 824 1268 hae
874 1235 1017 1269 omnes
1062 1227 1154 1268 dico
1204 1229 1449 1267 mutationes
1507 1227 1730 1275 efficiunt,
1783 1233 1831 1265 vt

550 1294 795 1349 primitiuus
826 1301 867 1332 et
901 1291 1143 1343 originarius
1175 1289 1327 1331 horum
1361 1290 1621 1342 systematum
1655 1287 1830 1339 habitus,

550 1357 713 1413 qualem
749 1358 791 1398 in
844 1356 1068 1408 embryone
1118 1355 1412 1406 obstruamus,
1464 1362 1544 1394 non
1599 1350 1829 1407 recognosci

553 1423 681 1478 possit.

700 1489 729 1537 (5.
768 1498 832 1529 12.
870 1485 1066 1540 Exposita
1103 1486 1228 1527 totius
1263 1483 1392 1526 amnii
1446 1482 1606 1537 spurii,
1658 1493 1826 1525 eorum-

554 1564 664 1607 que,
717 1553 889 1606 quaein
924 1563 973 1591 eo
1017 1560 1264 1600 occurrunt,
1316 1547 1553 1591 notabilium
1608 1547 1728 1600 idea,
1779 1548 1825 1589 ad

558 1620 799 1658 mutationes
829 1610 942 1656 illius
975 1617 1137 1657 transeo.
1204 1615 1317 1656 Eum
1354 1614 1464 1654 enim
1496 1611 1682 1654 ordinem
1705 1624 1823 1667 prae-

556 1692 618 1723 ter
647 1679 978 1723 consuetudinem
1014 1692 1207 1722 autorum
1230 1712 1240 1732 ‚
1291 1681 1364 1733 qui
1400 1680 1441 1720 in
1474 1678 1649 1719 formam
1705 1677 1824 1718 diarii

553 1748 845 1788 obseruationes
875 1744 1070 1797 colligere
1103 1745 1261 1796 solent,
1314 1746 1354 1785 in
1389 1742 1644 1786 describendis
1698 1743 1826 1795 phae-

552 1812 737 1853 nomenis
769 1823 949 1851 ouorum
981 1810 1261 1853 incubatorum
1296 1810 1499 1851 obseruare
1534 1804 1720 1855 institui,
1774 1812 1823 1846 vt

552 1875 827 1930 phaenomena
864 1876 1007 1929 priuS,
1056 1883 1102 1916 vt
1135 1876 1170 1916 se
1225 1870 1391 1916 habeant
1436 1881 1548 1914 certo
1599 1880 1821 1925 tempore,

552 1952 648 1980 cum
696 1942 876 1980 maxime
927 1941 1102 1992 vigent,
1149 1949 1191 1981 et
1245 1940 1424 1980 maxime
1476 1937 1644 1991 perfcc'ta
1696 1936 1821 1987 sunt,

553 2007 776 2045 anatomicc
809 2005 1025 2046 describam
1049 2037 1059 2057 ‚
1113 2003 1348 2058 simulque,
1401 2003 1496 2056 quid
1560 2001 1671 2051 sint,
1721 1997 1823 2041 defi-

551 2069 659 2108 niam
683 2100 693 2118 ‚
745 2069 882 2110 deinde
914 2082 1056 2110 eorum
1089 2079 1232 2110 ortum
1266 2079 1307 2110 et
1343 2068 1586 2109 succedentes
1625 2064 1821 2106 mutatio-

552 2144 618 2173 nes
651 2143 825 2187 repetam
854 2162 864 2184 ‚
912 2145 1012 2189 quae
1044 2133 1124 2175 illis
1159 2134 1207 2176 ad
1240 2144 1336 2174 eum
1392 2133 1618 2173 terminum
1668 2139 1821 2179 vsque,

1754 2191 1821 2230 sub
