2008 2735
594 193 710 249 «eie
741 190 755 250 )
791 205 818 236 0
855 192 1017 252 (eeu
1386 211 1441 250 2³

171 321 261 354 rant
296 309 512 354 minimam
535 340 546 360 ,
596 309 703 351 vnde
733 309 902 352 artificis
934 309 1049 351 labor
1099 311 1262 365 egregie
1313 311 1444 355 suble-

172 388 304 419 vatur.
401 377 557 418 hodem
594 383 634 414 et
669 375 797 417 studio
828 385 869 418 et
907 374 1078 417 successu
1113 378 1154 418 in
1192 376 1443 432 perficiendis

173 443 387 494 telestopiis
438 441 625 493 plurium
676 438 852 480 lentium
886 443 947 482 'in
997 439 1121 483 altera
1173 443 1441 485 dissertatione

171 507 376 557 veriiitur5
428 518 525 546 cum
576 503 688 545 enim
728 505 902 546 artifices
933 505 1043 558 angli
1079 506 1158 547 sola
1190 510 1441 561 experientia

165 570 276 610 ducti
325 580 367 611 et
418 571 505 624 post
555 570 771 611 innumera
831 571 1053 611 'tentamina
1087 570 1442 627 multiplicatione

165 635 340 676 lentium
377 634 471 675 haec
507 635 774 676 instrumenta
809 635 857 676 ad
889 647 1019 686 eum,
1073 649 1155 690 quo
1198 636 1318 679 hocve
1370 637 1442 679 illa

163 699 385 752 exhibent,
420 701 674 755 perfeetionis
709 699 882 752 gradum
933 701 1233 755 perduxerint;
1281 703 1443 744 dubita-

166 766 202 805 ri
257 766 430 818 nequit,
485 767 584 818 quin
628 766 755 820 ipiam
811 764 1014 805 theoriam
1064 767 1321 821 genuinaque
1372 768 1442 808 di-

164 832 341 884 optrices
393 831 592 884 principia
623 831 663 869 in
697 828 919 869 subsidium
955 832 1138 872 vocando
1171 831 1268 872 haec
1302 833 1440 873 eadem

164 894 380 934 commoda
452 893 627 934 mirifice
679 893 820 944 augeri
878 893 1015 933 immo
1078 895 1125 935 ad
1198 897 1406 937 summum
1428 928 1439 948 ‚

164 971 288 1012 quem
341 957 506 1010 quidem
558 958 817 1006 admittunt,
881 957 1056 1009 gradum
1109 957 1227 998 euehi
1280 970 1438 1015 queant.

163 1022 232 1063 Ex
285 1020 432 1072 insigni
482 1021 612 1074 igitur
674 1019 987 1075 telescopiorum
1065 1021 1250 1075 pluribus
1318 1023 1442 1066 lenti-

161 1086 227 1127 bus
260 1085 548 1127 instructorum
585 1086 775 1128 varietate
829 1084 897 1127 111.
950 1084 1113 1128 Auctor
1165 1100 1227 1128 eas
1284 1089 1441 1142 potiffi·

162 1163 285 1193 mum
337 1153 512 1205 species,
564 1165 663 1207 quae
711 1152 855 1192 ceteris
909 1151 1102 1206 praestant
1135 1154 1254 1193 etad
1291 1155 1438 1206 praxin

160 1216 414 1269 potissimum
457 1217 547 1257 sunt
599 1218 955 1267 accommodatae,
1009 1216 1166 1257 euoluit
1215 1230 1439 1273 earumque

159 1288 288 1321 totam
323 1281 564 1323 structuram
600 1283 642 1324 in
674 1281 892 1324 subiunctis
943 1280 1086 1323 tabulis
1126 1281 1173 1324 ad
1225 1283 1438 1327 artificum

161 1348 251 1384 vius
284 1348 479 1399 exposuit.
778 1347 784 1351 ⁴

1408 1419 1438 1438 'l'

315 1474 427 1530 Quae
459 1475 559 1515 dum
597 1476 794 1517 tradimus
823 1480 988 1520 erudito
1020 1480 1141 1530 orbi,
1184 1493 1265 1520 non
1302 1475 1439 1532 poss‘uss

162 1549 284 1586 mus,
334 1539 432 1591 quin
467 1540 598 1578 eidem
629 1540 970 1581 absolutissimum
1008 1543 1135 1581 Eulem'
1170 1544 1217 1581 de
1249 1543 1436 1584 vniuersa

157 1602 356 1656 dioptrica
388 1614 491 1656 opus
522 1605 810 1644 annunciemns
833 1636 844 1654 ‚
886 1606 994 1660 quod
1031 1607 1069 1645 in
1105 1605 1325 1646 Academia
1361 1619 1436 1648 no-

157 1665 231 1706 stra
268 1667 377 1720 typis
410 1667 576 1707 exscribi
611 1680 801 1722 coeptum
837 1670 889 1710 est
912 1701 922 1719 ‚
958 1672 998 1710 in
1030 1670 1146 1711 cuius
1181 1671 1320 1723 primo
1355 1682 1436 1711 vo·-

159 1729 317 1771 lumine
371 1734 509 1773 omnia
533 1763 544 1783 ,
599 1745 699 1786 quae
734 1734 780 1774 ad
816 1733 1022 1775 summam
1060 1734 1432 1776 instrumentorum

155 1796 453 1850 dioptricorum
488 1797 776 1851 perfectionem
812 1802 1046 1852 pertinent,
1096 1809 1308 1839 momenta
1360 1811 1435 1839 ex-

159 1872 363 1911 ponuntur
385 1893 396 1913 ‚
438 1864 479 1902 in
515 1863 687 1903 secundo
719 1873 859 1904 autem
893 1876 933 1905 et
970 1865 1093 1905 tertio
1125 1864 1349 1903 eorundem
1383 1865 1432 1906 ad

160 1922 364 1981 teleicopia
395 1936 434 1967 et
472 1929 736 1981 microscopia
773 1929 989 1982 adplicatio
1026 1927 1199 1967 traditur
1223 1960 1234 1979 ‚
1275 1939 1434 1970 annexo

156 1987 224 2027 sub
259 1989 382 2032 finem
417 1992 464 2032 de
500 1993 723 2045 telescopiis
754 1994 1049 2047 catzidioptricis
1083 1994 1323 2047 appendice3
1357 2005 1432 2032 cu-

156 2051 220 2091 ius
252 2067 301 2094 eo
333 2057 459 2106 magis
493 2070 688 2111 vrgemus
721 2059 964 2110 editionem,
998 2070 1081 2111 quo
1103 2089 1114 2107 ‚
1145 2056 1429 2100 nobilissimam

157 2115 260 2159 lianc
312 2119 516 2164 scientiam
538 2154 550 2176 ,
600 2124 785 2178 separatis
838 2122 1049 2178 hucusque
1097 2120 1433 2167 differtationibus

1387 2187 1434 2228 ab
