2008 2735
593 207 687 248 ⁵04

595 537 682 590 Fig.
723 548 763 586 3.

602 1761 692 1815 Fig.
728 1773 769 1813 4.

886 194 990 237 DE
1052 194 1608 241 FORMATIONE

801 320 904 350 vena
937 310 1181 352 descendens.
1212 325 1252 367 g.
1289 313 1532 357 adscendens.
1565 313 1601 356 h.
1623 312 1863 366 terminalis,

795 387 896 430 quae
948 377 1198 419 eminentem
1231 378 1409 420 limbum
1443 392 1555 421 areae
1586 381 1627 419 iu
1665 378 1736 419 hac
1770 379 1864 418 facie

797 440 1001 494 producit.

802 537 932 579 Areae
964 535 1186 579 vasculosae
1238 538 1358 580 viuae
1405 538 1632 593 superficies
1685 537 1864 591 superior

798 614 851 642 ex
884 616 966 643 ouo
1001 615 1024 652 3
1062 603 1144 643 dies
1185 614 1239 641 12
1275 602 1362 646 hor.
1396 607 1472 644 inc.
1509 604 1708 646 vasorum
1733 602 1865 643 distri-

801 667 916 708 butio
952 669 1017 718 (§.·
1039 680 1094 718 17
1119 689 1138 698 -
1161 664 1258 722 αα).

753 777 762 786 .
800 744 973 796 embryo
1007 742 1041 784 h.
1077 744 1192 785 fouea
1225 743 1271 783 ab
1318 743 1541 795 embryone
1591 744 1632 783 in
1688 740 1865 792 vitello,

800 811 866 847 cui
901 808 1134 858 incumbit,
1187 807 1392 862 producta.
1427 821 1460 847 c.
1498 809 1629 848 trunci
1666 818 1865 848 venarum

801 870 1104 913 vitellariarum
1141 867 1190 925 (§.
1233 880 1319 922 17.)
1351 872 1388 912 d.
1426 874 1528 912 rami
1563 883 1710 914 eorum
1766 871 1867 910 iufe‘

805 938 943 977 riores.
979 950 1012 978 e.
1050 936 1155 978 rami
1190 937 1414 992 superiores
1436 968 1448 989 ,
1501 938 1681 978 maiores.
1718 934 1747 978 f.
1803 946 1870 974 ra·

803 1001 909 1040 muli
947 1002 1080 1042 medii.
1113 1014 1152 1054 g.
1189 1013 1404 1043 ramorum
1440 1003 1695 1055 superiorum
1736 1000 1869 1046 distri-

805 1064 932 1104 butio.
967 1063 1007 1104 h.
1046 1076 1147 1104 vena
1180 1066 1411 1106 adscendens
1443 1065 1488 1117 (§.
1531 1064 1615 1117 18)
1644 1077 1695 1104 ex
1732 1068 1869 1115 (uper-

805 1127 895 1169 ficie
931 1127 1114 1169 inferiori
1143 1127 1248 1168 circa
1279 1129 1470 1181 vaginam
1519 1128 1662 1180 capitis
1713 1126 1753 1164 in
1805 1127 1869 1166 su-

807 1191 1019 1244 perficiem
1054 1192 1300 1243 superiorem
1347 1192 1616 1240 descendens,
1665 1190 1754 1230 iude
1806 1203 1869 1230 re-

803 1253 908 1296 flexa
960 1254 1002 1292 in
1058 1265 1205 1294 venam
1258 1252 1516 1293 terminalem
1559 1252 1801 1292 adscendens.
1834 1254 1868 1293 k.

809 1320 896 1359 eius
944 1317 1091 1359 surculi
1146 1319 1186 1357 in
1230 1330 1329 1370 quos
1363 1316 1573 1358 diuiditur.
1608 1316 1638 1356 i.
1669 1328 1769 1356 vena
1803 1318 1871 1357 de-

808 1384 990 1426 scendens
1024 1380 1069 1438 (§.
1111 1379 1194 1437 19.)
1225 1381 1251 1423 l.
1289 1395 1389 1424 vena
1425 1379 1650 1422 terminalis
1680 1382 1728 1431 (ξ.
1753 1378 1850 1437 20.).

849 1480 1009 1521 Praeter
1042 1478 1138 1520 haec
1171 1489 1239 1518 cor
1261 1509 1273 1530 ‚
1315 1477 1502 1529 sanguiue
1536 1475 1678 1517 rubens
1701 1503 1712 1521 ,
1761 1484 1872 1517 aorta

807 1557 902 1585 cum
934 1543 1087 1584 duabus
1121 1544 1198 1584 suis
1230 1542 1456 1593 radicibus,
1505 1552 1603 1581 vena
1639 1550 1731 1579 caua
1781 1550 1872 1582 ante

811 1608 929 1650 illam
951 1639 964 1660 ‚
1018 1618 1059 1648 et
1089 1608 1137 1648 ab
1168 1607 1229 1648 ala
1261 1607 1403 1648 dextra
1438 1605 1538 1647 testa
1559 1636 1570 1658 ‚
1621 1604 1872 1658 vesiculaque

807 1672 1013 1715 vitellaria
1042 1681 1246 1727 apparent.

804 1762 913 1804 Area
948 1764 1056 1804 viua.
1090 1777 1127 1803 α.
1160 1760 1412 1804 ventriculus
1446 1759 1574 1803 cordis
1595 1789 1605 1809 ‚
1657 1761 1721 1800 cui
1757 1760 1871 1811 supe-

810 1828 896 1868 rius
928 1827 1069 1869 bulbus
1101 1838 1257 1878 nortae,
1293 1827 1485 1882 posterius
1513 1824 1691 1866 auricula
1723 1822 1868 1864 adhae-

809 1902 882 1934 ret.
919 1892 956 1934 h.
993 1902 1115 1936 aorta.
1151 1905 1185 1934 c.
1223 1904 1324 1934 vena
1354 1904 1460 1935 caua.
1493 1890 1531 1931 d.
1564 1902 1663 1930 vcua
1711 1889 1870 1929 adscen-

807 1958 902 1999 dens
928 1989 940 2008 ,
991 1959 1051 1999 vti
1076 1989 1089 2009 ‚
1137 1970 1189 2000 ex
1219 1971 1315 2000 caua
1358 1967 1477 2008 orta,
1526 1955 1628 1995 circa
1679 1956 1870 2006 vaginam

812 2024 954 2077 capitis
1003 2023 1150 2064 reflexa
1197 2024 1354 2065 sursum
1403 2020 1541 2063 tendit.
1576 2033 1608 2061 e.
1642 2017 1871 2062 descendens

816 2099 869 2129 ex
902 2099 1004 2130 vena
1038 2100 1134 2131 caua
1167 2087 1310 2132 itidem
1343 2095 1440 2131 orta.

1774 2169 1863 2221 Fig.
