2008 2735
472 146 720 193 CALORIS
786 147 1243 194 COMMVNICATI.
1405 165 1428 192 2
1435 163 1496 205 97

216 267 325 310 bunc
365 266 625 320 posteriorem
661 264 707 305 ad
738 262 911 316 gradum
948 263 1092 305 caloris
1135 266 1181 306 ad
1216 264 1499 309 ebullitionem

218 333 478 375 nectsshrium
514 342 674 386 quoque
712 331 922 383 peruenire
958 343 1039 371 non
1076 331 1194 384 posse.

363 397 437 441 Sed
471 397 524 439 est
557 395 710 436 diuersa
747 395 884 447 ratio,
940 395 968 436 si
1007 395 1101 437 haec
1133 397 1238 438 dieta
1275 397 1398 440 fluida
1455 400 1497 440 in

213 463 301 503 vase
334 462 466 505 clauso
495 460 702 504 ebulliant.
772 459 885 502 Nam
925 471 1020 503 tunc
1059 465 1258 504 maiorem
1296 464 1499 505 lolitoczt-

214 526 312 569 loris
344 530 516 581 gradum
551 527 758 568 adsumere
791 526 917 567 solent
939 558 950 578 ,
1002 529 1095 582 quid
1151 529 1282 580 igitur
1335 531 1495 570 mirum

214 605 318 634 nuuc
352 595 455 635 dieta
492 592 616 634 fluida
648 604 668 632 a
704 590 963 633 bullientibus
1022 596 1305 645 circumdata,
1351 595 1498 636 bullire

213 657 320 711 posse
354 670 394 700 et
430 658 562 700 solere.
631 657 761 698 Potest
796 670 904 698 nunc
938 670 1040 712 aqua
1072 660 1122 700 ab
1171 660 1245 701 alia
1270 691 1280 711 ‚
1330 658 1371 699 in
1419 673 1496 715 qua

212 725 309 765 inest
332 755 343 775 ,
406 725 460 765 ita
495 722 620 764 calida
655 721 744 764 fieri
769 753 780 773 ‚
821 733 869 763 vt
903 725 1080 777 attingat
1109 726 1284 777 gradum
1317 726 1365 765 ad
1401 726 1498 768 bul-

212 787 404 828 litionem
442 787 715 830 necessarium.
783 786 898 829 Idem
935 790 1067 831 valere
1100 803 1260 845 quoque
1294 792 1342 832 de
1374 791 1493 845 spiri-

215 862 257 892 tu
295 855 385 894 vini
421 853 755 895 rectificatiffimo
776 882 788 904 ,
832 866 898 893 me
931 867 1012 896 non
1049 867 1242 898 monente
1277 855 1390 897 facile
1421 858 1495 899 ad-

208 930 332 972 paret.

359 981 524 1036 Reliqui
560 982 739 1035 liquores
772 991 914 1020 omnes
950 979 1058 1022 mihi
1115 979 1354 1037 explorati,
1407 993 1492 1024 tam

206 1057 312 1086 nunc
350 1048 548 1099 temporis
569 1076 580 1096 ‚
631 1057 755 1099 quam
786 1045 995 1098 ¹quondam
1018 1077 1029 1098 ‚
1079 1059 1180 1100 quos
1214 1049 1254 1088 in
1310 1046 1495 1090 differta-

204 1111 315 1150 tione
348 1123 436 1152 mea
471 1111 589 1152 citata
626 1111 829 1161 indicaui,
863 1111 1110 1152 constantem
1148 1114 1253 1154 iuter
1293 1112 1495 1156 ebullien-

206 1178 308 1217 dum
344 1175 489 1216 caloris
520 1176 695 1227 gradum
731 1176 907 1217 retinere
955 1190 1035 1217 non
1083 1176 1244 1229 solent,
1295 1179 1355 1221 sed
1408 1192 1493 1234 quo

204 1240 361 1280 diutius
392 1238 581 1280 ebullitio
610 1241 871 1281 continuatur
893 1273 904 1293 ,
958 1254 1008 1282 eo
1042 1243 1172 1295 magis
1206 1243 1316 1284 calor
1351 1247 1492 1295 auo‘eri

204 1304 336 1354 solet,
369 1313 582 1357 propterea
618 1305 728 1358 quod
782 1306 872 1345 sunt
925 1305 1188 1359 heterogenea
1216 1339 1228 1360 ,
1281 1318 1491 1350 texturam

205 1379 245 1409 et
298 1367 593 1410 consistentiam
648 1369 757 1409 inter
813 1370 1092 1412 ebulliendum
1131 1374 1236 1413 mire
1273 1375 1490 1415 mutantia.

206 1433 311 1475 Hinc
346 1434 451 1474 ratio
487 1432 741 1485 intelligitur
763 1465 775 1484 ‚
824 1446 897 1475 cur
949 1434 1181 1478 (bullientia
1206 1468 1218 1488 ‚
1267 1450 1312 1478 ea
1334 1470 1345 1491 ‚
1394 1452 1491 1494 quae

204 1500 424 1549 ambiunt,
457 1499 671 1540 bullientia
702 1512 866 1554 quoque
898 1501 1061 1541 efficere
1096 1514 1255 1555 queant.
1359 1504 1491 1556 Nam,

204 1565 397 1616 quamuis
430 1563 656 1606 differentia
692 1565 798 1607 inter
831 1564 1005 1606 fluidum
1039 1567 1293 1608 circumdans
1323 1578 1364 1608 ct
1409 1570 1492 1609 cir-

202 1631 445 1671 cumdatum
480 1630 674 1671 ebulliens
708 1631 863 1684 semper
898 1641 1086 1682 maneam
1140 1632 1275 1673 maior
1323 1634 1489 1676 minor-

204 1706 281 1748 que
316 1708 391 1749 pro
421 1695 652 1736 diuersitate
684 1695 943 1737 fluidorum:
996 1695 1173 1738 fluidum
1213 1707 1350 1738 tamen
1404 1700 1488 1740 cir·

205 1761 438 1801 eumd-atum
475 1762 650 1814 gradum
685 1763 732 1803 ad
766 1761 875 1803 ebull
895 1762 1049 1803 tionem
1088 1761 1346 1803 ncceffirium
1393 1776 1488 1818 par-

206 1838 261 1865 vo
314 1836 496 1878 tempore
550 1827 760 1869 interietsto
809 1829 1019 1882 adqutrere
1074 1828 1199 1882 potest
1251 1836 1290 1867 et
1342 1829 1488 1882 debet,

206 1890 378 1943 adeoque
413 1890 596 1933 ebullire.
683 1894 800 1946 Ergo
836 1895 992 1946 semper
1024 1891 1248 1946 praeuideri
1286 1903 1328 1933 et
1370 1907 1485 1948 prae-

205 1955 280 1996 dici
319 1965 490 1996 euentus
523 1957 776 1999 diuersorum
832 1959 1053 1999 fluidorum
1109 1957 1233 2012 potest
1287 1956 1362 1999 hoc
1420 1972 1485 2001 re-

200 2020 333 2073 spectu
361 2053 371 2071 ,
408 2031 550 2060 rtrum
587 2023 734 2064 scilicet
756 2055 766 2073 ‚
807 2024 1053 2064 circumdata
1089 2036 1110 2063 a
1143 2024 1483 2066 circumdantibus

204 2084 486 2126 ebullientibus
522 2087 629 2126 reddi
685 2089 830 2139 poffint
863 2086 1099 2129 ebullentia
1122 2120 1133 2141 ‚
1167 2101 1215 2130 an
1254 2086 1373 2131 non?
1438 2090 1482 2131 Si

268 2150 811 2194 Tom.Xll.Nou.Comm.
1009 2153 1037 2193 P
1056 2166 1084 2207 p
1364 2154 1475 2196 enim
