2008 2735
415 147 790 197 PERTVRBATI
831 146 1258 191 PLANETARVM.
1387 149 1439 184 16
1450 158 1468 184 1

758 262 929 303 XXIX.

360 329 403 372 Si
442 329 656 381 integratio
691 326 839 367 harum
872 325 1149 368 formularum
1190 325 1339 368 absolui
1383 336 1475 379 pos·

207 396 292 445 set,
346 395 449 435 nihil
501 395 678 447 amplius
727 393 767 431 in
805 390 877 432 liae
913 393 1219 445 inuestigatione
1250 391 1342 431 effct
1373 389 1477 430 desi-

208 462 463 509 derandum,
514 471 610 498 cum
664 457 808 496 exinde
840 458 976 497 omnis
1011 458 1169 508 generis
1204 455 1476 511 perturbatio-

208 538 304 575 nes,
354 523 618 577 quantumuis
668 523 820 562 fuerint
869 533 1071 574 magnae,
1120 519 1289 562 definire
1323 521 1476 560 liceret.

208 588 316 630 Cum
351 600 489 628 auran
526 589 632 629 vires
675 585 897 637 Analyseos
948 588 1131 627 nondum
1184 597 1359 639 eousque
1414 585 1478 623 in-

206 655 436 704 creuerint‚
488 655 534 693 ad
586 651 960 704 approximationes
1009 653 1223 702 confugere
1257 649 1481 698 conuenit,

205 731 305 771 quae
339 719 503 771 quidem
538 729 586 757 eo
620 715 789 756 feliciori
836 715 1004 755 successu
1054 717 1199 769 suscipi
1254 723 1445 770 poterunt
1467 744 1479 763 ‚

206 796 289 835 quo
326 785 502 822 minores
537 781 686 821 fuerint
720 782 1065 833 perturbationes:
1101 783 1195 834 quia
1232 781 1344 820 enim
1381 788 1477 818 tunc

206 847 364 887 valorcs
399 847 672 899 quantitatum
702 852 729 898 p
762 854 801 883 et
836 858 859 896 q
891 845 1172 899 pauxillulum
1227 854 1442 885 mutantur
1465 873 1476 894 ‚

205 924 269 951 eas
305 912 344 951 in
378 911 645 961 integratione
678 908 955 948 formularum
992 911 1127 949 littera
1172 921 1194 948 n
1242 909 1478 949 affectatum

206 975 285 1015 fine
323 986 458 1014 errore
494 983 684 1025 tanquam
720 971 937 1010 constantes
974 972 1146 1024 specstare
1192 971 1287 1010 licet
1312 1002 1323 1021 ,
1376 973 1477 1024 quin

204 1040 326 1077 etiam
363 1036 620 1089 postmodum
659 1033 864 1074 methodis
899 1034 1056 1075 vsitatis
1090 1035 1362 1078 correctiones
1406 1047 1479 1075 ne·

200 1099 380 1142 ceffariae
417 1099 523 1140 haud
556 1097 779 1141 difficulter
811 1096 1034 1140 elicientur.
1120 1100 1295 1142 Interim
1340 1109 1477 1139 tamen

202 1165 232 1207 fi
287 1165 568 1206 excentricitas
618 1178 642 1219 q
676 1166 796 1205 fuerit
830 1164 947 1206 valde
985 1177 1131 1218 magna
1159 1196 1171 1216 ‚
1215 1164 1475 1207 difficultates

202 1240 454 1281 occurrunt,
509 1242 605 1283 quas
655 1240 787 1271 tamen
842 1232 961 1271 certIS
1009 1229 1193 1271 artificiis
1244 1229 1476 1270 adhibendis

202 1294 387 1348 superare
423 1294 556 1333 licebit
580 1325 590 1344 ,
640 1308 741 1348 quae
774 1296 941 1348 quidem
976 1308 1036 1336 res
1071 1296 1233 1350 optime
1274 1295 1476 1346 succedit,

204 1358 233 1399 fi
270 1358 551 1398 excentricitas
584 1369 608 1408 q
642 1370 789 1410 parum
825 1360 870 1399 ab
919 1362 1074 1401 vnitate
1126 1361 1324 1414 discrepat
1349 1392 1359 1410 ,
1410 1359 1476 1400 vti

207 1423 255 1463 fit
291 1425 331 1463 in
367 1423 506 1463 orbitis
541 1422 619 1462 fere
654 1421 882 1475 parabolicis
921 1434 1191 1464 cometarum.
1300 1425 1474 1465 Maiores

204 1497 343 1526 autem
378 1487 637 1529 difficultates
670 1487 706 1527 se
737 1497 909 1527 exerunt
931 1519 943 1537 ‚
993 1488 1154 1541 quando
1194 1489 1475 1529 excentricitas

151 1556 154 1557 ’
204 1564 227 1604 q
261 1552 314 1591 est
348 1565 471 1605 quam
510 1551 684 1590 minima
711 1583 723 1603 ,
774 1553 867 1604 quia
905 1562 997 1591 tum
1033 1553 1275 1592 variationes
1307 1565 1474 1592 anoma-

204 1615 282 1655 liae
319 1629 342 1654 8
381 1617 562 1657 maxime
596 1616 818 1656 increscunt
843 1648 854 1668 ‚
884 1626 1174 1656 verumtamen
1210 1615 1238 1655 fi
1274 1617 1366 1656 vsus
1401 1628 1475 1656 ve-

204 1684 316 1731 niat,
351 1691 390 1722 et
425 1682 490 1723 hic
526 1682 755 1722 remedium
789 1681 936 1736 sperari
972 1680 1108 1735 posset.
1179 1681 1367 1722 Maxime
1401 1694 1475 1722 vc-

205 1765 253 1791 ro
306 1750 376 1791 hae
431 1753 681 1806 operationes
737 1751 788 1791 ob
844 1760 1003 1803 partem
1057 1747 1103 1803 ἐς,
1154 1751 1438 1804 imdeiuntur
1460 1779 1471 1798 ‚

205 1827 328 1868 quam
385 1816 457 1856 nis³⁴
510 1818 727 1858 commode
783 1815 823 1854 in
860 1815 1000 1854 seriem
1035 1814 1123 1855 satis
1158 1824 1474 1864 conuergentcm

204 1890 440 1921 conuertere
488 1883 638 1932 liccat,
689 1883 736 1921 de
779 1880 1049 1931 integratione
1090 1881 1261 1919 omnino
1291 1880 1370 1917 erit
1404 1880 1474 1918 de-

206 1945 442 1997 sperandum
465 1977 475 1996 ,
527 1959 653 2000 neque
707 1956 799 1986 tum
841 1944 917 1985 alia
952 1944 1017 1982 via
1055 1945 1244 1996 superesse
1277 1944 1438 1984 videtur
1461 1975 1471 1993 ‚

207 2008 280 2049 nisi
319 2019 363 2049 vt
397 2021 448 2048 ex
485 2010 575 2062 ipsis
611 2011 672 2051 his
705 2009 894 2051 formulis
927 2008 1257 2049 differentialibus
1292 2007 1472 2059 singulae

208 2074 450 2113 variationes
486 2087 560 2126 pro
596 2077 793 2128 temporis
827 2072 1053 2114 interuallis
1089 2075 1174 2114 satis
1209 2074 1367 2127 exiguis
1401 2074 1471 2112 de-

272 2138 394 2179 Tom.
410 2137 510 2179 XII.
526 2138 636 2179 Nou.
648 2139 815 2180 Comm.
1031 2140 1074 2178 X
1376 2135 1472 2177 fini-
