2008 2735
390 160 1169 222 AEQVEAMPLIS.
1335 177 1394 215 ³³

126 280 301 324 satisfiat.
399 280 494 334 Quo
545 276 673 329 magis
713 285 855 319 notatu
900 277 1021 330 digna
1053 279 1107 320 est
1142 277 1239 321 haec
1271 279 1396 323 altera

123 348 274 389 iblutio
313 376 325 394 ‚
391 345 496 397 quod
569 343 861 385 introducendo
929 355 1040 383 nouo
1108 346 1262 396 angulo
1325 361 1354 388 ω
1379 377 1391 396 ,

126 411 264 451 multo
318 408 467 449 facilior
524 405 669 447 relatio
722 408 829 448 inter
881 407 1090 447 variabiles
1138 421 1166 449 z
1200 417 1241 449 ct
1275 423 1303 449 ω
1341 410 1391 451 sit

125 475 319 520 inuenta,
367 484 467 525 quae
515 481 642 523 neque
692 471 824 525 ipsum
872 483 1013 512 arcum
1065 485 1086 513 s
1139 485 1268 527 neque
1302 474 1390 514 eius

124 537 434 592 amplitudinem
465 529 530 587 Φ,
573 537 677 576 circa
711 548 807 589 quas
841 536 1086 589 quantitates
1121 546 1255 578 tamen
1293 551 1389 591 pro-

122 603 249 644 blema
288 601 449 653 proprie
483 601 662 640 versatur
685 633 696 649 ,
730 602 942 641 contineat.
1029 599 1094 641 Ad
1128 603 1235 654 quod
1270 614 1388 643 com-

120 667 310 720 pendzum
344 677 440 706 cum
480 677 553 705 nos
584 665 848 706 confideratio
882 665 1128 716 geometrica
1174 668 1388 718 perduxis-

116 730 169 771 set
197 761 208 780 ,
244 729 385 781 insigni
425 728 501 769 hoc
536 730 741 782 problema
778 729 891 769 nobis
924 730 977 769 est
995 729 1188 781 exemplo
1211 760 1222 778 ‚
1257 743 1387 783 quan-

116 804 206 834 tum
278 807 346 846 per
400 793 731 834 considerationes
778 793 1042 844 geometricas
1096 797 1385 846 saepenumero

115 858 331 899 solutiones
389 856 687 911 problematum
749 855 1070 907 Analyticorum
1142 861 1382 908 promoueri

115 933 292 975 queant3
337 931 378 962 et
411 931 559 976 quanta
591 920 753 964 subsidia
791 920 883 961 inde
916 921 956 960 in
992 918 1163 972 Analyfi
1199 919 1276 961 sint
1308 934 1383 963 ex-

123 1001 138 1040 Ι
152 986 322 1026 ec‘tanda.

513 1094 843 1170 Quaestio
931 1123 972 1159 1.

263 1218 333 1255 23.
368 1206 543 1248 Inuenlre
577 1221 699 1250 omnes
732 1221 875 1250 curuas
909 1206 1150 1262 algebraicas
1173 1237 1183 1256 ,
1225 1207 1263 1248 in
1294 1209 1380 1263 qui-

112 1265 183 1308 bus
234 1281 356 1310 omnes
405 1285 518 1313 arcus
542 1303 553 1322 ‚
604 1285 757 1325 qaorum
791 1273 993 1329 amplitudo
1025 1272 1077 1325 est
1115 1266 1226 1321 360‘
1249 1303 1260 1324 ‚
1296 1274 1380 1326 sint

109 1331 272 1372 eiusdem
307 1336 584 1385 magnitudinis.

257 1417 390 1465 Patet,
420 1416 514 1457 huic
551 1420 768 1470 quaestioni
799 1432 941 1460 omnes
974 1432 1119 1461 curuas
1155 1422 1195 1461 in
1242 1421 1277 1460 se
1312 1432 1378 1459 re-

108 1479 273 1520 deuntes
308 1483 518 1521 satisfacere
544 1512 554 1529 ‚
590 1491 707 1534 atque
749 1483 846 1521 adeo
879 1493 988 1523 certo
1023 1483 1199 1535 respectu
1233 1494 1375 1522 omnes

106 1543 222 1597 plane
271 1556 448 1593 curuas,
500 1543 698 1596 siquidem
750 1557 863 1583 arcus
900 1558 939 1584 m
977 1546 1187 1585 infinitum
1227 1557 1373 1586 excur-

105 1619 234 1647 rentes
267 1609 310 1647 iu
345 1612 506 1648 cenium
544 1608 756 1648 admittere
812 1607 1001 1646 velimus.
1108 1609 1193 1648 Hoc
1246 1611 1370 1648 etiam

105 1673 234 1713 nostra
270 1671 419 1713 {nlntio
452 1673 632 1723 indicam
690 1684 780 1711 nam
817 1672 867 1711 ob
901 1683 1099 1722 <1:27r,
1136 1685 1210 1726 pro
1243 1684 1269 1712 z
1304 1684 1370 1711 ca-

105 1738 143 1788 pi
176 1749 337 1791 oportet
372 1737 621 1780 funetionem
658 1749 942 1790 quamcunque
977 1738 1163 1776 binarum
1207 1737 1370 1790 quanti-

105 1816 237 1847 tatum
272 1807 326 1848 fin
355 1824 384 1850 ω
421 1819 460 1848 et
489 1811 563 1848 coi.
580 1821 621 1847 ω.
695 1804 803 1846 Cum
840 1808 971 1859 igitur
1005 1806 1052 1846 sit
1088 1808 1241 1847 sumn:
1265 1801 1296 1858 ἔ
1328 1818 1370 1848 et

106 1873 328 1930 cossun-t}
350 1911 360 1929 ‚
391 1889 651 1933 quaecunque
685 1878 872 1932 aequatio
908 1879 1012 1917 inter
1048 1889 1076 1917 x
1109 1887 1149 1917 et
1167 1890 1200 1928 y
1236 1875 1366 1928 finga-

105 1952 171 1981 tur
223 1945 404 1994 ponendo
454 1943 704 1986 xzzcoilm
753 1953 792 1982 et
830 1941 1104 1993 yzzsin.m‚
1163 1940 1367 1982 resultabit

103 2007 290 2060 aequatio
324 2010 425 2047 inter
458 2022 482 2048 z
515 2020 554 2048 et
592 2025 620 2049 ω
657 2020 707 2046 ex
743 2020 821 2061 qua
854 2019 878 2045 z
913 2007 1144 2058 aequabitur
1186 2005 1364 2046 ([1ῃᾶἐο-

104 2083 146 2110 m
180 2072 357 2124 cuipiam
393 2073 568 2125 ipiarum
608 2072 717 2112 snum
753 2081 792 2111 ct
825 2072 964 2121 cosm,
998 2082 1097 2124 quac
1138 2069 1210 2109 etsi
1261 2072 1362 2111 fiirte

167 2135 710 2177 Tom.X11.N0u.Comm.
939 2134 977 2176 E
1282 2148 1362 2175 non
