2008 2735
374 163 1205 210 INTESTINORVM.
1329 171 1419 218 465

299 281 328 329 §.
366 290 441 329 70.
489 277 662 332 Duplici
714 277 845 320 limbo
892 277 1049 321 foueola
1087 277 1255 318 inferior
1287 289 1428 321 ornata
1459 282 1580 317 Limbi.

148 345 234 396 est,
269 345 329 389 sed
364 356 443 388 non
478 356 549 398 per
587 353 725 386 totum
761 344 975 388 ambitum,
1043 342 1222 384 Interior
1246 374 1257 396 ‚
1292 345 1428 385 vtrin—
1457 332 1526 382 (fig.
1556 328 1625 377 cit}

149 422 226 464 que
260 421 312 449 ex
349 409 535 449 interiori
587 410 743 449 suturae
796 408 923 451 limbo
970 408 1264 461 continuatus,
1315 421 1430 450 crura

151 473 411 526 triangularis
442 475 579 516 foueae
613 475 836 519 constituit.
938 473 1044 515 Haec
1086 485 1202 514 crura
1256 487 1336 516 non
1387 476 1429 515 in

151 539 329 583 limbum
362 539 490 580 baseos
524 540 763 585 continuant
795 538 857 580 sed
892 540 1148 591 immergunt
1183 540 1219 579 se
1253 539 1320 580 sub
1377 537 1434 579 il-

150 606 240 646 lum
275 615 316 645 et
352 603 459 645 vltra
494 617 591 644 eum
644 605 924 658 producuntur
948 636 958 655 ,
992 604 1259 658 videnturque
1285 635 1295 655 ,
1327 605 1429 645 dum

150 668 273 713 simul
307 671 442 710 versus
477 669 565 713 offis
600 671 691 710 sacri
729 672 939 723 regionem
976 668 1048 710 sese
1083 669 1294 710 retrabunt
1317 701 1328 721 ‚
1359 681 1428 709 eo·

151 747 228 789 que
264 735 386 775 modo
420 734 555 775 visum
592 735 756 787 fugiunt
781 767 791 786 ,
845 733 985 775 sensim
1021 734 1251 775 euanescere
1274 764 1285 786 ‚
1317 741 1429 773 antee

152 811 276 853 qnam
312 800 358 839 ad
394 799 498 840 basin
536 799 808 852 pertigerint,
880 798 1126 853 pupillasque
1178 799 1253 840 suis
1294 807 1430 839 extre-

154 862 364 905 mitatibus
396 865 570 907 formare
604 863 868 918 planiusculas
899 865 1102 905 rotundas.
1174 865 1292 905 Hunc
1328 864 1430 904 lim-

152 930 250 969 bum
285 929 461 969 exterior
496 930 653 980 cingit,
696 931 741 970 ab
775 929 968 969 exteriori
1006 928 1161 969 suturae
1193 929 1322 968 limbo
1355 927 1426 968 de-

151 995 306 1033 rinatus
340 1002 380 1031 et
414 994 675 1040 communis,
710 992 779 1043 qui
813 991 916 1031 basin
951 1002 1075 1043 aeque
1109 1003 1151 1030 ac
1187 1004 1303 1031 crura
1337 1003 1428 1030 am-

151 1057 209 1097 bit
234 1086 244 1105 ‚
277 1054 391 1096 illam
428 1055 591 1107 quidem
629 1055 866 1096 immediate
889 1085 900 1104 ‚
950 1054 1042 1095 haec
1079 1054 1264 1099 mediate,
1362 1054 1430 1096 Ad

151 1131 267 1164 crum
303 1119 507 1171 angustior
542 1120 594 1164 cst
628 1125 673 1161 au
709 1118 813 1160 basin
849 1119 979 1167 latior.

291 1249 322 1298 ξ.
359 1258 432 1297 7r.
469 1248 541 1287 Vti
577 1262 597 1289 a
634 1249 778 1301 vagina
813 1249 956 1304 capitis
993 1250 1102 1292 fouca
1137 1251 1311 1291 cardinca
1333 1281 1343 1300 ‚
1390 1258 1431 1290 et
1458 1262 1612 1302 Consti-u-

154 1314 289 1353 sutura
325 1326 344 1352 :1
382 1314 556 1366 partibus
588 1313 720 1355 bullae
755 1314 979 1356 lateralibus
1004 1347 1013 1365 ‚
1051 1317 1105 1354 ita
1142 1316 1299 1356 foneola
1335 1314 1428 1355 haec
1456 1315 1529 1351 ξὶῐο.

152 1377 198 1417 ab
235 1377 444 1420 inuolucro
479 1380 623 1420 caudae
656 1379 869 1420 formatur.
969 1381 1074 1421 Haec
1125 1381 1235 1420 enim
1294 1393 1428 1420 mem-

154 1442 290 1482 branae
326 1456 414 1495 pars
437 1473 447 1493 ,
490 1456 589 1497 quac
626 1445 892 1485 inuolucrum
932 1444 1034 1486 illud
1069 1445 1273 1485 constituit
1296 1477 1306 1497 ,
1358 1457 1425 1498 pe-

152 1509 330 1560 dumque
365 1509 571 1552 tubercula
620 1521 697 1549 vna
750 1521 846 1550 cum
899 1511 1020 1550 cauda
1070 1510 1281 1560 inuoluit,
1334 1517 1425 1550 tum

154 1572 342 1625 vtrinque
393 1587 413 1614 a
466 1573 629 1627 pedibus
681 1574 990 1624 concurrendo,
1044 1583 1133 1614 tum
1190 1574 1339 1614 inferne
1384 1575 1429 1615 ab

151 1637 263 1690 apice
295 1639 433 1680 caudae
468 1639 731 1680 adstendendo
753 1670 763 1690 ‚
813 1639 893 1679 huc
924 1639 973 1679 ad
1026 1637 1205 1680 soueolae
1257 1638 1427 1691 locum,

154 1714 273 1754 quem
307 1704 513 1756 regionem
554 1704 668 1757 pubis
702 1703 776 1744 effe
808 1705 930 1754 dixi,
976 1703 1083 1757 quasi
1138 1704 1185 1743 ad
1234 1714 1424 1743 centrum

155 1766 190 1805 se
224 1765 383 1819 colligit
404 1801 415 1821 ‚
469 1780 510 1811 et
541 1768 709 1810 conciti
746 1769 970 1809 introrsum
1004 1768 1050 1807 ad
1084 1768 1354 1818 em-bryonem
1392 1766 1427 1807 se

156 1831 328 1884 recipit,
376 1835 470 1875 adeo
493 1866 503 1886 ,
552 1845 599 1873 vt
634 1835 792 1874 foueam
830 1836 892 1873 seu
924 1832 1134 1872 orificium
1171 1831 1247 1871 t-nle
1270 1863 1280 1881 ‚
1315 1831 1428 1871 cuius

157 1894 333 1946 figuram
366 1907 405 1938 et
437 1899 711 1940 conditionem
747 1896 926 1951 descripsi
955 1929 964 1947 ‚
1014 1898 1052 1936 in
1105 1907 1244 1936 centro
1294 1908 1428 1936 rema-

158 1972 249 2000 nere
287 1960 394 2004 sinat.
497 1963 676 2005 Foucola
712 1975 809 2015 ergo
850 1961 954 2003 nibil
1009 1959 1118 2002 aliud
1170 1961 1256 2011 est,
1303 1972 1426 2014 quam

160 2028 391 2068 membrana
429 2027 626 2070 inuolucri
665 2030 811 2069 caudae
844 2029 1067 2081 pedumque
1091 2056 1102 2075 ,
1137 2025 1181 2065 nd
1219 2026 1427 2077 regionem

157 2090 246 2130 offis
282 2091 395 2143 pubis
431 2091 626 2143 colstd'ca,
659 2092 1023 2145 comprehcnfiique
1059 2091 1279 2130 introrsum
1331 2102 1431 2141 pro-

220 2154 757 2198 Tom.X11.Nou.Comm.
955 2155 996 2197 N
1019 2168 1044 2196 n
1064 2167 1090 2194 ιι
1298 2153 1427 2196 ὼιᾶιι.
