2008 2735
566 191 659 232 514
847 176 1553 222 OBSE-RVATIONES

720 293 879 334 Frutex
913 294 1052 334 elatus.

715 374 823 416 Folia
860 389 937 416 uon
977 376 1118 416 tribola
1143 408 1153 426 ‚
1187 376 1245 418 sed
1281 377 1486 418 euidenter
1522 375 1728 426 laciniam,
1766 388 1835 416 ru-

570 442 659 495 gosa
682 470 693 491 ‚
725 441 869 481 serrata
891 471 903 491 ,
939 440 1175 493 inaequalia.
1831 432 1835 438 ’

721 528 854 570 Flores
891 543 971 569 non
1007 530 1174 583 spicati,
1217 529 1278 570 sed
1312 529 1379 570 vel
1415 530 1614 583 simplices
1641 563 1650 581 ‚
1700 530 1763 570 vel
1801 518 1841 569 iri

570 592 746 646 capitula
782 595 954 646 congesti
978 626 990 646 ‚
1026 595 1205 649 superius
1242 592 1422 647 figuram
1459 595 1618 636 subinde
1654 608 1843 636 racemo·-

571 659 654 701 sam
688 658 935 701 adfeerantes.

1189 778 1240 821 V.

712 860 956 917 Asplcnium
976 862 1216 905 ramaicense
1239 894 1250 914 ,
1283 863 1537 905 Lonchitidis
1557 862 1708 904 falcatis
1728 863 1847 914 foliis,

576 928 820 979 ramosum,
889 928 1085 980 pediculis
1119 928 1414 982 splendentibus
1447 961 1458 980 ‚
1516 929 1643 981 nigris
1671 959 1680 979 ‚
1740 930 1793 968 ita
1829 940 1850 967 a

575 989 916 1031 PLVKNETIO
954 992 994 1030 in
1029 992 1262 1043 Almagcsto
1286 1024 1297 1043 ‚
1332 995 1545 1044 botanico‚
1580 1006 1618 1045 p.
1657 1006 1692 1034 n.
1729 994 1851 1033 deno-

577 1053 814 1104 minatum,
868 1064 909 1093 et
961 1056 1007 1094 ab
1057 1060 1199 1095 codem
1245 1056 1368 1107 Phyt.
1403 1067 1430 1096 t.
1470 1068 1540 1104 53.
1580 1055 1603 1094 f.
1645 1070 1682 1094 1.
1720 1057 1852 1108 figura

574 1127 781 1171 Vtcumque
834 1116 1021 1157 laudabili
1074 1118 1340 1171 expressum,
1390 1133 1411 1159 a
1445 1118 1723 1161 SLOANEO
1759 1121 1850 1160 dein

573 1182 726 1224 iterum
782 1182 822 1219 in
877 1182 1048 1221 Iamaica
1099 1183 1356 1221 obseruatum
1380 1213 1390 1232 ‚
1448 1193 1487 1220 ct
1553 1184 1619 1220 sub
1687 1184 1854 1222 nominc

578 1240 838 1285 Adianthum
875 1245 1041 1294 nigrum
1075 1244 1240 1295 maius,
1294 1257 1373 1284 non
1408 1243 1615 1283 ramosum
1640 1274 1650 1292 ,
1704 1246 1855 1298 pinnu-

576 1307 630 1348 lis
662 1318 702 1348 et
736 1307 907 1348 surculis
942 1308 1163 1348 rarioribus
1186 1339 1197 1359 ‚
1239 1308 1368 1349 crassis
1403 1318 1443 1348 et
1479 1308 1519 1347 in
1557 1311 1728 1361 trapezii
1764 1322 1858 1349 mo-

579 1375 682 1415 dum
718 1372 924 1425 figurans,
965 1373 1217 1426 descriptum
1254 1370 1423 1426 (history
1459 1372 1510 1413 of
1533 1371 1695 1414 lamaic.
1731 1373 1782 1413 T.
1821 1373 1854 1414 Ι.

583 1451 610 1492 p
662 1437 752 1493 94.)
785 1438 836 1477 ast
871 1449 997 1491 neque
1032 1449 1052 1477 a
1087 1435 1380 1480 BROWNIO
1405 1469 1415 1487 ,
1456 1436 1592 1478 scdulo
1624 1439 1857 1492 ceteroquin

583 1502 834 1544 obseruatore
858 1533 868 1552 ‚
922 1514 1049 1556 neque
1096 1518 1118 1545 a
1171 1502 1234 1544 Cl.
1273 1500 1556 1558 IACQVIN,
1598 1504 1667 1554 qui
1704 1503 1858 1554 plautas

585 1577 872 1621 cryptogamns
906 1579 1082 1617 οιηιιεε,
1129 1567 1268 1609 minus
1303 1567 1372 1608 sibi
1409 1578 1496 1608 tum
1532 1568 1728 1620 temporis
1751 1600 1761 1618 ,
1810 1578 1857 1608 vt

585 1632 748 1672 candide
783 1633 929 1672 fiitetur
966 1632 1044 1683 ipse
1066 1662 1077 1682 ,
1121 1632 1338 1673 familiares
1361 1665 1370 1683 ‚
1423 1630 1559 1673 omisit
1583 1662 1593 1681 ,
1650 1632 1753 1672 vnde
1789 1630 1861 1673 111.

587 1695 824 1737 LINNEO
862 1695 1118 1748 incognitum
1155 1695 1221 1737 rel
1256 1708 1367 1737 certe
1423 1698 1629 1737 obscurum
1682 1695 1856 1737 mansit:

587 1759 698 1811 hoc,
753 1762 954 1814 inquam,
1008 1760 1331 1802 PLVKNETII
1387 1762 1628 1815 Asplcnium
1666 1770 1856 1814 tauquam

588 1824 800 1876 singu-laris
836 1824 1033 1865 Adi-intui
1070 1826 1214 1879 specics
1250 1826 1439 1867 recenseri
1461 1857 1471 1876 ,
1521 1835 1636 1878 atque
1671 1826 1858 1875 abbintc—

589 1890 674 1929 ritu
712 1889 907 1929 vindicari
945 1900 1140 1930 meretur.
1227 1891 1378 1932 I‘atcbit
1410 1903 1430 1930 e
1463 1890 1727 1943 descriptione
1750 1922 1760 1941 ,
1802 1894 1858 1930 ie-

590 1954 766 1994 cundum
805 1953 985 2008 plurima
1022 1955 1235 2010 specimina
1268 1970 1288 1997 a
1323 1968 1391 1996 me
1421 1955 1618 1996 adornata.

727 2040 878 2083 caulem
911 2044 1016 2095 gerit
1063 2043 1336 2097 triangularem
1357 2075 1368 2095 ‚
1419 2045 1584 2097 nigrum
1637 2044 1821 2084 ereetum
1847 2073 1858 2091 ‚

588 2105 753 2162 superne
787 2106 965 2163 pilosum
999 2118 1040 2152 et
1073 2110 1306 2162 ramosum,
1338 2110 1462 2152 ramis
1495 2109 1648 2168 pariter
1678 2105 1856 2210 hispidis}i

1079 2170 1082 2173 ’
1793 2169 1829 2210 se
