2008 2735
585 184 700 234 ··>}'·5.·3
730 181 744 238 )
780 197 806 223 0
843 180 857 238 (
890 184 1004 234 &303⁰
1339 197 1429 236 545·

745 293 788 335 D
810 295 844 335 E

206 386 728 449 GLACIE
820 385 1373 447 MARIAE

545 499 1035 544 RVTHEN1CA.

588 628 976 673 Disserente

361 743 487 787 SAM
497 742 602 786 VEL
635 743 922 789 GOTTLIEB
954 743 1211 789 GMELIN.

148 871 327 986 Sibiria
360 883 488 923 nostra
514 913 525 933 ‚
558 890 604 922 vt
640 881 748 922 ferax
781 881 835 922 est
870 880 1062 924 foffivum
1097 885 1234 925 omnis
1267 886 1423 938 generis

245 958 402 998 mater,
449 949 501 987 ita
538 947 576 986 in
612 948 780 987 extimis
817 947 874 986 sui
911 945 1054 988 finibus
1090 948 1289 1001 singulare
1326 963 1423 1003 pro-

146 1012 321 1052 dustum
355 1013 472 1052 offert
497 1042 507 1061 ,
558 1013 668 1064 quod
702 1009 825 1050 fufius
855 1023 904 1050 eo
941 1013 1068 1063 magis
1101 1016 1420 1055 commemorari

147 1085 356 1124 meretur,
405 1087 499 1118 cum
536 1073 707 1125 egregiis
743 1073 874 1113 vfibus
911 1087 931 1115 a
966 1078 1099 1126 longis
1132 1076 1223 1117 inde
1257 1088 1420 1131 ternposs

144 1141 252 1181 ribus
285 1140 477 1180 inseruire
510 1136 641 1177 soleat.
728 1135 915 1179 Glaciem
953 1139 1106 1181 Mariae
1138 1141 1238 1182 volo
1261 1174 1270 1192 ‚
1317 1155 1419 1196 quae

144 1205 309 1258 quidem
348 1203 389 1241 in
426 1209 515 1241 toto
551 1210 750 1240 terrarum
784 1203 878 1243 orbe
915 1201 1138 1253 notissima,
1171 1206 1316 1247 nullibi
1354 1217 1421 1246 ta-

144 1282 238 1310 men
277 1267 413 1321 purior
451 1264 789 1318 praestantiorque
821 1266 1030 1307 inuenitur
1051 1298 1063 1316 ‚
1104 1280 1227 1322 quam
1262 1271 1308 1311 ad
1344 1270 1420 1310 flu-

143 1335 264 1374 vium
300 1330 488 1371 Witimwn
510 1359 522 1380 ,
574 1329 614 1368 in
652 1327 793 1369 Lenam
827 1329 1066 1372 effluentem
1090 1362 1102 1382 ,
1151 1334 1279 1374 tribus
1313 1335 1420 1376 ostiis

140 1395 355 1449 insignem.
424 1393 468 1435 Β.
504 1391 745 1436 GMELIN
783 1394 952 1435 Patruus
990 1408 1127 1448 meus,
1163 1398 1203 1438 in
1239 1398 1414 1442 Itinera-

141 1463 194 1502 rii
242 1461 302 1502 sni
351 1459 492 1500 Tomo
525 1459 728 1508 secundo,
781 1472 816 1512 p.
861 1471 965 1508 310.
1003 1461 1083 1514 sqq.
1120 1463 1187 1503 vbi
1222 1464 1416 1506 dircffio-

142 1537 239 1566 nem
274 1525 609 1579 peregrinationis
643 1523 835 1564 lacunam
870 1528 1004 1565 versus
1038 1527 1235 1579 recenset,
1266 1529 1416 1570 aduen-

142 1601 314 1646 tumque
347 1591 393 1631 ad
425 1588 672 1631 Witimskaia
706 1587 871 1630 Sloboda
895 1619 908 1642 ‚
947 1601 1081 1631 vnum
1115 1602 1167 1633 ex
1201 1594 1415 1635 vetustiffi-

141 1656 221 1697 mis
254 1657 299 1696 ad
335 1653 475 1695 Lenam
511 1652 785 1694 ruthenorum
820 1654 1083 1696 domicilium
1119 1660 1265 1708 refert,
1300 1660 1413 1700 fuiffe

142 1720 179 1761 se
212 1719 259 1761 de
288 1731 382 1761 ver-a
418 1718 557 1771 glaciei
594 1718 749 1760 Mariae
783 1720 942 1771 origine
975 1721 1282 1775 cupidiffimum
1336 1725 1410 1765 do·-

142 1793 238 1833 cet,
286 1793 404 1838 atque
443 1783 612 1838 proinde
642 1782 776 1823 secum
811 1783 1031 1825 confilium
1088 1786 1215 1826 iniisse
1241 1819 1252 1837 ,
1304 1797 1411 1829 trans

139 1848 333 1891 Wtimum
360 1848 577 1902 nauigandi
598 1881 610 1902 ,
657 1857 778 1901 atque
810 1847 887 1888 hac
920 1848 1120 1890 occasione
1152 1849 1274 1892 illum
1296 1864 1409 1893 eme-

137 1912 302 1962 tiendi,
347 1917 452 1966 quod
486 1922 577 1955 ante
607 1914 643 1954 se
673 1911 826 1954 fae‘mm
863 1926 943 1954 non
976 1917 1114 1956 fuerat.
1209 1916 1323 1971 Quae
1357 1921 1404 1961 de

135 1976 276 2020 Glacie
305 1976 515 2018 adnotauit
536 2010 547 2029 ‚
583 1978 623 2018 in
658 1978 903 2032 compendio
933 1981 1103 2021 tradam.
1169 1980 1404 2034 Antequam

136 2042 187 2084 ad
218 2040 358 2081 riuum
392 2039 614 2083 Kolotowka
650 2042 906 2095 peruenerit,
937 2044 1279 2085 animaduertebat
1316 2058 1404 2085 ma-

138 2117 264 2159 gnam
296 2104 507 2159 regionem
539 2106 587 2147 ad
620 2106 752 2160 ipsum
788 2105 870 2145 riui
908 2104 1013 2147 latus
1044 2107 1272 2149 fumantem
1296 2138 1306 2158 ,
1341 2121 1407 2149 re-

716 2163 842 2210 Zzz
876 2179 900 2220 3
1306 2173 1410 2214 sera-
