<?xml version="1.0" encoding="UTF-8"?>
<!DOCTYPE html PUBLIC "-//W3C//DTD XHTML 1.0 Transitional//EN"
    "http://www.w3.org/TR/xhtml1/DTD/xhtml1-transitional.dtd">
<html xmlns="http://www.w3.org/1999/xhtml" xml:lang="en" lang="en">
 <head>
  <title>
</title>
<meta http-equiv="Content-Type" content="text/html;charset=utf-8" />
  <meta name='ocr-system' content='tesseract 3.04.00' />
  <meta name='ocr-capabilities' content='ocr_page ocr_carea ocr_par ocr_line ocrx_word'/>
</head>
<body>
  <div class='ocr_page' id='page_1' title='image "./novicommentariac12impe_0430.png"; bbox 0 0 2008 2735; ppageno 0'>
   <div class='ocr_carea' id='block_1_1' title="bbox 545 140 1394 301">
    <p class='ocr_par' dir='ltr' id='par_1_1' title="bbox 545 140 1394 301">
     <span class='ocr_line' id='line_1_1' title="bbox 545 140 1394 201; baseline 0.007 -12"><span class='ocrx_word' id='word_1_1' title='bbox 545 152 633 200; x_wconf 72' lang='lat'>36⁸</span> <span class='ocrx_word' id='word_1_2' title='bbox 970 144 1086 196; x_wconf 54' lang='lat'>”5013</span> <span class='ocrx_word' id='word_1_3' title='bbox 1121 141 1132 198; x_wconf 92' lang='lat'><em>)</em></span> <span class='ocrx_word' id='word_1_4' title='bbox 1168 157 1194 184; x_wconf 93' lang='lat'>0</span> <span class='ocrx_word' id='word_1_5' title='bbox 1229 140 1243 201; x_wconf 98' lang='lat'>(</span> <span class='ocrx_word' id='word_1_6' title='bbox 1277 144 1394 196; x_wconf 47' lang='lat' dir='ltr'>&amp;lego-</span> 
     </span>
     <span class='ocr_line' id='line_1_2' title="bbox 1137 258 1235 301; baseline -0.01 0"><span class='ocrx_word' id='word_1_7' title='bbox 1137 258 1179 301; x_wconf 91' lang='lat' dir='ltr'>D</span> <span class='ocrx_word' id='word_1_8' title='bbox 1200 258 1235 300; x_wconf 91' lang='lat' dir='ltr'>E</span> 
     </span>
    </p>
   </div>
   <div class='ocr_carea' id='block_1_2' title="bbox 546 318 1819 502">
    <p class='ocr_par' dir='ltr' id='par_1_2' title="bbox 546 318 1819 502">
     <span class='ocr_line' id='line_1_3' title="bbox 546 318 1819 414; baseline -0.001 0"><span class='ocrx_word' id='word_1_9' title='bbox 546 349 905 414; x_wconf 81' lang='lat' dir='ltr'><strong>CVPRO</strong></span> <span class='ocrx_word' id='word_1_10' title='bbox 963 352 1102 412; x_wconf 87' lang='lat' dir='ltr'>ET</span> <span class='ocrx_word' id='word_1_11' title='bbox 1160 318 1819 413; x_wconf 52' lang='lat' dir='ltr'>ORICHA&#39;LCO</span> 
     </span>
     <span class='ocr_line' id='line_1_4' title="bbox 927 455 1440 502; baseline 0 -2"><span class='ocrx_word' id='word_1_12' title='bbox 927 455 1440 502; x_wconf 75' lang='lat' dir='ltr'><strong>MAGNETICO.</strong></span> 
     </span>
    </p>
   </div>
   <div class='ocr_carea' id='block_1_3' title="bbox 1042 588 1331 630">
    <p class='ocr_par' dir='ltr' id='par_1_3' title="bbox 1042 588 1331 630">
     <span class='ocr_line' id='line_1_5' title="bbox 1042 588 1331 630; baseline -0.003 -1"><span class='ocrx_word' id='word_1_13' title='bbox 1042 588 1331 630; x_wconf 86' lang='lat' dir='ltr'>Auctore</span> 
     </span>
    </p>
   </div>
   <div class='ocr_carea' id='block_1_4' title="bbox 757 700 1616 746">
    <p class='ocr_par' dir='ltr' id='par_1_4' title="bbox 757 700 1616 746">
     <span class='ocr_line' id='line_1_6' title="bbox 757 700 1616 746; baseline 0.002 -3"><span class='ocrx_word' id='word_1_14' title='bbox 757 701 812 744; x_wconf 91' lang='lat' dir='ltr'>D.</span> <span class='ocrx_word' id='word_1_15' title='bbox 857 700 978 743; x_wconf 89' lang='lat' dir='ltr'><strong><em>IOH.</em></strong></span> <span class='ocrx_word' id='word_1_16' title='bbox 1023 701 1219 744; x_wconf 87' lang='lat' dir='ltr'><em>GOTTL.</em></span> <span class='ocrx_word' id='word_1_17' title='bbox 1256 701 1616 746; x_wconf 81' lang='lat' dir='ltr'><em>LEHMANNO.</em></span> 
     </span>
    </p>
   </div>
   <div class='ocr_carea' id='block_1_5' title="bbox 1115 832 1262 882">
    <p class='ocr_par' dir='ltr' id='par_1_5' title="bbox 1115 832 1262 882">
     <span class='ocr_line' id='line_1_7' title="bbox 1115 832 1262 882; baseline 0.014 -12"><span class='ocrx_word' id='word_1_18' title='bbox 1115 832 1148 882; x_wconf 72' lang='lat'>§-</span> <span class='ocrx_word' id='word_1_19' title='bbox 1222 843 1262 872; x_wconf 89' lang='lat'>1.</span> 
     </span>
    </p>
   </div>
   <div class='ocr_carea' id='block_1_6' title="bbox 552 937 1829 1067">
    <p class='ocr_par' dir='ltr' id='par_1_6' title="bbox 552 937 1829 1067">
     <span class='ocr_line' id='line_1_8' title="bbox 552 937 1828 1052; baseline 0 -62"><span class='ocrx_word' id='word_1_20' title='bbox 552 937 790 1052; x_wconf 82' lang='lat' dir='ltr'>Corpora</span> <span class='ocrx_word' id='word_1_21' title='bbox 839 949 1063 990; x_wconf 77' lang='lat' dir='ltr'>sublunaria</span> <span class='ocrx_word' id='word_1_22' title='bbox 1115 952 1279 992; x_wconf 80' lang='lat' dir='ltr'>varium</span> <span class='ocrx_word' id='word_1_23' title='bbox 1333 951 1373 991; x_wconf 85' lang='lat' dir='ltr'>in</span> <span class='ocrx_word' id='word_1_24' title='bbox 1429 951 1600 992; x_wconf 68' lang='lat' dir='ltr'>modum</span> <span class='ocrx_word' id='word_1_25' title='bbox 1643 950 1828 1001; x_wconf 81' lang='lat' dir='ltr'>mutari,</span> 
     </span>
     <span class='ocr_line' id='line_1_9' title="bbox 680 1013 1829 1067; baseline 0.003 -16"><span class='ocrx_word' id='word_1_26' title='bbox 680 1013 827 1053; x_wconf 86' lang='lat' dir='ltr'>inuerti</span> <span class='ocrx_word' id='word_1_27' title='bbox 850 1043 860 1062; x_wconf 92' lang='lat'>‚</span> <span class='ocrx_word' id='word_1_28' title='bbox 892 1015 1037 1053; x_wconf 81' lang='lat' dir='ltr'>destrui</span> <span class='ocrx_word' id='word_1_29' title='bbox 1063 1044 1073 1063; x_wconf 86' lang='lat'>,</span> <span class='ocrx_word' id='word_1_30' title='bbox 1129 1014 1308 1054; x_wconf 77' lang='lat' dir='ltr'>inuicem</span> <span class='ocrx_word' id='word_1_31' title='bbox 1345 1017 1539 1067; x_wconf 79' lang='lat' dir='ltr'>coniungi</span> <span class='ocrx_word' id='word_1_32' title='bbox 1575 1026 1617 1056; x_wconf 88' lang='lat' dir='ltr'>ct</span> <span class='ocrx_word' id='word_1_33' title='bbox 1677 1019 1829 1056; x_wconf 87' lang='lat' dir='ltr'>iterum</span> 
     </span>
    </p>
   </div>
   <div class='ocr_carea' id='block_1_7' title="bbox 552 1075 1834 1713">
    <p class='ocr_par' dir='ltr' id='par_1_7' title="bbox 552 1075 1834 1713">
     <span class='ocr_line' id='line_1_10' title="bbox 552 1075 1833 1130; baseline -0.001 -12"><span class='ocrx_word' id='word_1_34' title='bbox 552 1078 755 1130; x_wconf 71' lang='lat' dir='ltr'>separari,</span> <span class='ocrx_word' id='word_1_35' title='bbox 789 1087 935 1117; x_wconf 85' lang='lat' dir='ltr'>notum</span> <span class='ocrx_word' id='word_1_36' title='bbox 972 1078 1033 1116; x_wconf 86' lang='lat' dir='ltr'>est.</span> <span class='ocrx_word' id='word_1_37' title='bbox 1105 1075 1268 1116; x_wconf 69' lang='lat' dir='ltr'>Constat</span> <span class='ocrx_word' id='word_1_38' title='bbox 1303 1079 1464 1129; x_wconf 75' lang='lat' dir='ltr'>insuper</span> <span class='ocrx_word' id='word_1_39' title='bbox 1500 1078 1561 1116; x_wconf 77' lang='lat' dir='ltr'>his</span> <span class='ocrx_word' id='word_1_40' title='bbox 1595 1081 1726 1117; x_wconf 80' lang='lat' dir='ltr'>modis</span> <span class='ocrx_word' id='word_1_41' title='bbox 1760 1091 1833 1117; x_wconf 88' lang='lat' dir='ltr'>eo-</span> 
     </span>
     <span class='ocr_line' id='line_1_11' title="bbox 555 1139 1829 1193; baseline -0.002 -12"><span class='ocrx_word' id='word_1_42' title='bbox 555 1154 650 1182; x_wconf 85' lang='lat' dir='ltr'>rum</span> <span class='ocrx_word' id='word_1_43' title='bbox 687 1139 861 1192; x_wconf 74' lang='lat' dir='ltr'>figuram</span> <span class='ocrx_word' id='word_1_44' title='bbox 885 1172 895 1191; x_wconf 94' lang='lat'>,</span> <span class='ocrx_word' id='word_1_45' title='bbox 933 1151 1137 1180; x_wconf 80' lang='lat' dir='ltr'>texturam</span> <span class='ocrx_word' id='word_1_46' title='bbox 1163 1173 1173 1191; x_wconf 93' lang='lat'>,</span> <span class='ocrx_word' id='word_1_47' title='bbox 1204 1139 1382 1181; x_wconf 85' lang='lat' dir='ltr'>colorem</span> <span class='ocrx_word' id='word_1_48' title='bbox 1419 1150 1458 1179; x_wconf 88' lang='lat' dir='ltr'>et</span> <span class='ocrx_word' id='word_1_49' title='bbox 1492 1142 1663 1193; x_wconf 77' lang='lat' dir='ltr'>reliquas</span> <span class='ocrx_word' id='word_1_50' title='bbox 1685 1153 1829 1180; x_wconf 83' lang='lat' dir='ltr'>eorum</span> 
     </span>
     <span class='ocr_line' id='line_1_12' title="bbox 556 1204 1832 1258; baseline 0.002 -15"><span class='ocrx_word' id='word_1_51' title='bbox 556 1206 824 1258; x_wconf 77' lang='lat' dir='ltr'>proprietates</span> <span class='ocrx_word' id='word_1_52' title='bbox 860 1205 1042 1253; x_wconf 75' lang='lat' dir='ltr'>variari,</span> <span class='ocrx_word' id='word_1_53' title='bbox 1077 1215 1256 1255; x_wconf 84' lang='lat' dir='ltr'>quorum</span> <span class='ocrx_word' id='word_1_54' title='bbox 1292 1205 1485 1243; x_wconf 83' lang='lat' dir='ltr'>omnium</span> <span class='ocrx_word' id='word_1_55' title='bbox 1519 1204 1708 1255; x_wconf 74' lang='lat' dir='ltr'>exempla</span> <span class='ocrx_word' id='word_1_56' title='bbox 1741 1207 1832 1245; x_wconf 57' lang='lat' dir='ltr'>vbi-</span> 
     </span>
     <span class='ocr_line' id='line_1_13' title="bbox 555 1266 1834 1322; baseline -0.002 -13"><span class='ocrx_word' id='word_1_57' title='bbox 555 1270 622 1310; x_wconf 79' lang='lat' dir='ltr'>vis</span> <span class='ocrx_word' id='word_1_58' title='bbox 658 1269 854 1322; x_wconf 83' lang='lat' dir='ltr'>prostant,</span> <span class='ocrx_word' id='word_1_59' title='bbox 889 1279 989 1321; x_wconf 81' lang='lat' dir='ltr'>quae</span> <span class='ocrx_word' id='word_1_60' title='bbox 1024 1278 1131 1307; x_wconf 85' lang='lat' dir='ltr'><strong>nunc</strong></span> <span class='ocrx_word' id='word_1_61' title='bbox 1161 1279 1182 1306; x_wconf 83' lang='lat' dir='ltr'>a</span> <span class='ocrx_word' id='word_1_62' title='bbox 1218 1275 1376 1317; x_wconf 77' lang='lat' dir='ltr'>natura,</span> <span class='ocrx_word' id='word_1_63' title='bbox 1409 1277 1515 1305; x_wconf 86' lang='lat' dir='ltr'>nunc</span> <span class='ocrx_word' id='word_1_64' title='bbox 1549 1266 1596 1305; x_wconf 76' lang='lat' dir='ltr'>ab</span> <span class='ocrx_word' id='word_1_65' title='bbox 1627 1276 1710 1306; x_wconf 80' lang='lat' dir='ltr'>arte</span> <span class='ocrx_word' id='word_1_66' title='bbox 1735 1279 1834 1320; x_wconf 88' lang='lat' dir='ltr'>pro-</span> 
     </span>
     <span class='ocr_line' id='line_1_14' title="bbox 557 1330 1834 1385; baseline -0.001 -12"><span class='ocrx_word' id='word_1_67' title='bbox 557 1333 775 1375; x_wconf 83' lang='lat' dir='ltr'>ducuntur.</span> <span class='ocrx_word' id='word_1_68' title='bbox 852 1332 945 1373; x_wconf 89' lang='lat' dir='ltr'>Huc</span> <span class='ocrx_word' id='word_1_69' title='bbox 976 1344 1028 1373; x_wconf 87' lang='lat' dir='ltr'>ex</span> <span class='ocrx_word' id='word_1_70' title='bbox 1060 1330 1307 1372; x_wconf 73' lang='lat' dir='ltr'>naturalibus</span> <span class='ocrx_word' id='word_1_71' title='bbox 1339 1330 1543 1385; x_wconf 83' lang='lat' dir='ltr'>pertinent</span> <span class='ocrx_word' id='word_1_72' title='bbox 1577 1343 1719 1371; x_wconf 85' lang='lat' dir='ltr'>omnes</span> <span class='ocrx_word' id='word_1_73' title='bbox 1754 1332 1834 1372; x_wconf 85' lang='lat' dir='ltr'>fere</span> 
     </span>
     <span class='ocr_line' id='line_1_15' title="bbox 559 1394 1834 1449; baseline -0.003 -10"><span class='ocrx_word' id='word_1_74' title='bbox 559 1397 916 1439; x_wconf 77' lang='lat' dir='ltr'>mineralisationes</span> <span class='ocrx_word' id='word_1_75' title='bbox 940 1428 951 1448; x_wconf 94' lang='lat'>,</span> <span class='ocrx_word' id='word_1_76' title='bbox 988 1395 1151 1437; x_wconf 80' lang='lat' dir='ltr'>metalla</span> <span class='ocrx_word' id='word_1_77' title='bbox 1188 1397 1323 1436; x_wconf 84' lang='lat' dir='ltr'>natiua</span> <span class='ocrx_word' id='word_1_78' title='bbox 1359 1396 1520 1447; x_wconf 79' lang='lat' dir='ltr'>mixta,</span> <span class='ocrx_word' id='word_1_79' title='bbox 1554 1394 1706 1449; x_wconf 76' lang='lat' dir='ltr'>aliaque</span> <span class='ocrx_word' id='word_1_80' title='bbox 1742 1409 1834 1437; x_wconf 87' lang='lat' dir='ltr'>cor-</span> 
     </span>
     <span class='ocr_line' id='line_1_16' title="bbox 561 1458 1834 1518; baseline -0.002 -15"><span class='ocrx_word' id='word_1_81' title='bbox 561 1476 659 1518; x_wconf 82' lang='lat' dir='ltr'>pora</span> <span class='ocrx_word' id='word_1_82' title='bbox 696 1461 918 1515; x_wconf 81' lang='lat' dir='ltr'>composita</span> <span class='ocrx_word' id='word_1_83' title='bbox 952 1471 993 1503; x_wconf 93' lang='lat' dir='ltr'>et</span> <span class='ocrx_word' id='word_1_84' title='bbox 1044 1463 1160 1515; x_wconf 87' lang='lat' dir='ltr'>super</span> <span class='ocrx_word' id='word_1_85' title='bbox 1208 1458 1490 1513; x_wconf 82' lang='lat' dir='ltr'>decomposita.</span> <span class='ocrx_word' id='word_1_86' title='bbox 1591 1460 1658 1500; x_wconf 86' lang='lat' dir='ltr'>Ex</span> <span class='ocrx_word' id='word_1_87' title='bbox 1702 1461 1834 1501; x_wconf 79' lang='lat' dir='ltr'>artifi-</span> 
     </span>
     <span class='ocr_line' id='line_1_17' title="bbox 558 1523 1833 1581; baseline -0.002 -13"><span class='ocrx_word' id='word_1_88' title='bbox 558 1527 726 1569; x_wconf 73' lang='lat' dir='ltr'>cialibus</span> <span class='ocrx_word' id='word_1_89' title='bbox 781 1527 985 1578; x_wconf 84' lang='lat' dir='ltr'>myriades</span> <span class='ocrx_word' id='word_1_90' title='bbox 1041 1525 1207 1577; x_wconf 82' lang='lat' dir='ltr'>allegari</span> <span class='ocrx_word' id='word_1_91' title='bbox 1261 1524 1412 1581; x_wconf 82' lang='lat' dir='ltr'>poffeut</span> <span class='ocrx_word' id='word_1_92' title='bbox 1433 1555 1444 1575; x_wconf 91' lang='lat'>‚</span> <span class='ocrx_word' id='word_1_93' title='bbox 1495 1523 1567 1564; x_wconf 81' lang='lat' dir='ltr'>nisi</span> <span class='ocrx_word' id='word_1_94' title='bbox 1611 1527 1833 1566; x_wconf 67' lang='lat' dir='ltr'>verendum</span> 
     </span>
     <span class='ocr_line' id='line_1_18' title="bbox 558 1588 1833 1644; baseline -0.002 -10"><span class='ocrx_word' id='word_1_95' title='bbox 558 1594 663 1634; x_wconf 88' lang='lat' dir='ltr'>foret</span> <span class='ocrx_word' id='word_1_96' title='bbox 698 1606 746 1634; x_wconf 87' lang='lat' dir='ltr'>ne</span> <span class='ocrx_word' id='word_1_97' title='bbox 783 1603 870 1631; x_wconf 90' lang='lat' dir='ltr'>rem</span> <span class='ocrx_word' id='word_1_98' title='bbox 905 1590 1037 1631; x_wconf 69' lang='lat' dir='ltr'>astam</span> <span class='ocrx_word' id='word_1_99' title='bbox 1072 1602 1246 1644; x_wconf 82' lang='lat' dir='ltr'>agerem.</span> <span class='ocrx_word' id='word_1_100' title='bbox 1315 1590 1381 1633; x_wconf 86' lang='lat' dir='ltr'>De</span> <span class='ocrx_word' id='word_1_101' title='bbox 1414 1588 1630 1631; x_wconf 75' lang='lat' dir='ltr'>Orichalco</span> <span class='ocrx_word' id='word_1_102' title='bbox 1671 1601 1833 1631; x_wconf 81' lang='lat' dir='ltr'>tantum</span> 
     </span>
     <span class='ocr_line' id='line_1_19' title="bbox 560 1656 917 1713; baseline -0.008 -16"><span class='ocrx_word' id='word_1_103' title='bbox 560 1668 687 1713; x_wconf 82' lang='lat' dir='ltr'>pauca</span> <span class='ocrx_word' id='word_1_104' title='bbox 719 1656 917 1698; x_wconf 79' lang='lat' dir='ltr'>disseram.</span> 
     </span>
    </p>
   </div>
   <div class='ocr_carea' id='block_1_8' title="bbox 564 1734 1840 2165">
    <p class='ocr_par' dir='ltr' id='par_1_8' title="bbox 564 1734 1840 2119">
     <span class='ocr_line' id='line_1_20' title="bbox 716 1734 1836 1792; baseline 0.001 -16"><span class='ocrx_word' id='word_1_105' title='bbox 716 1737 750 1787; x_wconf 80' lang='lat'>§.</span> <span class='ocrx_word' id='word_1_106' title='bbox 793 1750 831 1777; x_wconf 87' lang='lat'>2.</span> <span class='ocrx_word' id='word_1_107' title='bbox 885 1734 1128 1778; x_wconf 75' lang='lat' dir='ltr'>orichalcum</span> <span class='ocrx_word' id='word_1_108' title='bbox 1179 1734 1233 1790; x_wconf 81' lang='lat' dir='ltr'>cst</span> <span class='ocrx_word' id='word_1_109' title='bbox 1283 1734 1471 1777; x_wconf 69' lang='lat' dir='ltr'>metaffum</span> <span class='ocrx_word' id='word_1_110' title='bbox 1522 1734 1748 1792; x_wconf 73' lang='lat' dir='ltr'>compositum</span> <span class='ocrx_word' id='word_1_111' title='bbox 1782 1747 1836 1777; x_wconf 71' lang='lat' dir='ltr'>ex</span> 
     </span>
     <span class='ocr_line' id='line_1_21' title="bbox 564 1800 1837 1857; baseline -0.001 -14"><span class='ocrx_word' id='word_1_112' title='bbox 564 1809 677 1857; x_wconf 83' lang='lat' dir='ltr'>cupro</span> <span class='ocrx_word' id='word_1_113' title='bbox 707 1810 745 1842; x_wconf 77' lang='lat' dir='ltr'>et</span> <span class='ocrx_word' id='word_1_114' title='bbox 796 1803 902 1842; x_wconf 61' lang='lat' dir='ltr'>z5n0&#39;0</span> <span class='ocrx_word' id='word_1_115' title='bbox 953 1800 1151 1849; x_wconf 79' lang='lat' dir='ltr'><em>conflatum</em></span> <span class='ocrx_word' id='word_1_116' title='bbox 1172 1832 1183 1852; x_wconf 92' lang='lat'>‚</span> <span class='ocrx_word' id='word_1_117' title='bbox 1235 1800 1368 1842; x_wconf 75' lang='lat' dir='ltr'>coloris</span> <span class='ocrx_word' id='word_1_118' title='bbox 1422 1802 1530 1841; x_wconf 79' lang='lat' dir='ltr'>aurei</span> <span class='ocrx_word' id='word_1_119' title='bbox 1554 1832 1564 1852; x_wconf 87' lang='lat'>‚</span> <span class='ocrx_word' id='word_1_120' title='bbox 1616 1812 1706 1840; x_wconf 76' lang='lat' dir='ltr'><em>nunc</em></span> <span class='ocrx_word' id='word_1_121' title='bbox 1752 1802 1837 1855; x_wconf 79' lang='lat' dir='ltr'>plus</span> 
     </span>
     <span class='ocr_line' id='line_1_22' title="bbox 566 1864 1840 1918; baseline 0 -12"><span class='ocrx_word' id='word_1_122' title='bbox 566 1878 659 1908; x_wconf 79' lang='lat' dir='ltr'><em>nunc</em></span> <span class='ocrx_word' id='word_1_123' title='bbox 687 1867 809 1908; x_wconf 65' lang='lat' dir='ltr'><em>minus</em></span> <span class='ocrx_word' id='word_1_124' title='bbox 842 1864 1030 1918; x_wconf 68' lang='lat' dir='ltr'>elastscum</span> <span class='ocrx_word' id='word_1_125' title='bbox 1063 1875 1101 1905; x_wconf 85' lang='lat' dir='ltr'>et</span> <span class='ocrx_word' id='word_1_126' title='bbox 1122 1865 1340 1906; x_wconf 78' lang='lat' dir='ltr'>malleahile.</span> <span class='ocrx_word' id='word_1_127' title='bbox 1392 1865 1527 1906; x_wconf 82' lang='lat' dir='ltr'>Omne</span> <span class='ocrx_word' id='word_1_128' title='bbox 1548 1867 1626 1906; x_wconf 83' lang='lat' dir='ltr'>sere</span> <span class='ocrx_word' id='word_1_129' title='bbox 1644 1865 1840 1906; x_wconf 81' lang='lat' dir='ltr'>Orichal-</span> 
     </span>
     <span class='ocr_line' id='line_1_23' title="bbox 564 1930 1836 1984; baseline 0.002 -14"><span class='ocrx_word' id='word_1_130' title='bbox 564 1943 657 1970; x_wconf 89' lang='lat' dir='ltr'>cum</span> <span class='ocrx_word' id='word_1_131' title='bbox 697 1932 821 1972; x_wconf 82' lang='lat' dir='ltr'>studio</span> <span class='ocrx_word' id='word_1_132' title='bbox 852 1930 1083 1973; x_wconf 76' lang='lat' dir='ltr'>elaboratur</span> <span class='ocrx_word' id='word_1_133' title='bbox 1105 1962 1115 1982; x_wconf 94' lang='lat'><strong><em>‚</em></strong></span> <span class='ocrx_word' id='word_1_134' title='bbox 1147 1930 1174 1970; x_wconf 85' lang='lat' dir='ltr'>ss</span> <span class='ocrx_word' id='word_1_135' title='bbox 1209 1931 1338 1972; x_wconf 89' lang='lat' dir='ltr'>solum</span> <span class='ocrx_word' id='word_1_136' title='bbox 1373 1931 1547 1984; x_wconf 74' lang='lat' dir='ltr'>excipias</span> <span class='ocrx_word' id='word_1_137' title='bbox 1573 1962 1584 1979; x_wconf 92' lang='lat'>‚</span> <span class='ocrx_word' id='word_1_138' title='bbox 1629 1930 1735 1984; x_wconf 88' lang='lat' dir='ltr'>quod</span> <span class='ocrx_word' id='word_1_139' title='bbox 1770 1945 1836 1972; x_wconf 82' lang='lat' dir='ltr'>ca-</span> 
     </span>
     <span class='ocr_line' id='line_1_24' title="bbox 564 1994 1836 2049; baseline 0.001 -12"><span class='ocrx_word' id='word_1_140' title='bbox 564 1994 607 2037; x_wconf 90' lang='lat' dir='ltr'>su</span> <span class='ocrx_word' id='word_1_141' title='bbox 646 1995 684 2034; x_wconf 85' lang='lat' dir='ltr'>in</span> <span class='ocrx_word' id='word_1_142' title='bbox 720 1995 870 2037; x_wconf 79' lang='lat' dir='ltr'>fusione</span> <span class='ocrx_word' id='word_1_143' title='bbox 906 1997 1081 2036; x_wconf 83' lang='lat' dir='ltr'>minerae</span> <span class='ocrx_word' id='word_1_144' title='bbox 1113 1997 1230 2049; x_wconf 88' lang='lat' dir='ltr'>cupri</span> <span class='ocrx_word' id='word_1_145' title='bbox 1265 2007 1362 2037; x_wconf 88' lang='lat' dir='ltr'>cum</span> <span class='ocrx_word' id='word_1_146' title='bbox 1396 1994 1684 2048; x_wconf 77' lang='lat' dir='ltr'>Pseudogalena</span> <span class='ocrx_word' id='word_1_147' title='bbox 1719 1997 1836 2038; x_wconf 81' lang='lat' dir='ltr'>rubra</span> 
     </span>
     <span class='ocr_line' id='line_1_25' title="bbox 567 2059 1837 2119; baseline -0.005 -15"><span class='ocrx_word' id='word_1_148' title='bbox 567 2059 724 2104; x_wconf 78' lang='lat' dir='ltr'>mixtae</span> <span class='ocrx_word' id='word_1_149' title='bbox 754 2061 796 2103; x_wconf 85' lang='lat' dir='ltr'>in</span> <span class='ocrx_word' id='word_1_150' title='bbox 829 2060 970 2108; x_wconf 77' lang='lat' dir='ltr'>Succia</span> <span class='ocrx_word' id='word_1_151' title='bbox 1001 2062 1252 2119; x_wconf 71' lang='lat' dir='ltr'>produCtum</span> <span class='ocrx_word' id='word_1_152' title='bbox 1285 2062 1365 2104; x_wconf 86' lang='lat' dir='ltr'>fuit</span> <span class='ocrx_word' id='word_1_153' title='bbox 1385 2092 1397 2116; x_wconf 87' lang='lat'>‚</span> <span class='ocrx_word' id='word_1_154' title='bbox 1429 2061 1658 2105; x_wconf 80' lang='lat' dir='ltr'>testantibus</span> <span class='ocrx_word' id='word_1_155' title='bbox 1693 2060 1837 2111; x_wconf 78' lang='lat' dir='ltr'>Ephe-</span> 
     </span>
    </p>

    <p class='ocr_par' dir='ltr' id='par_1_9' title="bbox 1706 2135 1837 2165">
     <span class='ocr_line' id='line_1_26' title="bbox 1706 2135 1837 2165; baseline 0.015 -2"><span class='ocrx_word' id='word_1_156' title='bbox 1706 2135 1837 2165; x_wconf 80' lang='lat' dir='ltr'>meri-</span> 
     </span>
    </p>
   </div>
  </div>
 </body>
</html>
