2008 2735
567 206 623 239 2⁶
984 201 1101 253 ὣς
1135 197 1149 256 )
1182 195 1260 256 α(
1295 198 1413 250 200·-

867 310 920 383 P
963 309 1036 382 H
1081 309 1145 381 Y
1189 309 1231 382 S
1275 309 1308 382 I
1353 307 1418 382 C
1459 309 1549 380 A.

1186 463 1231 523 1.

570 569 663 629 De
709 568 907 628 caloris
949 568 1492 627 communicationis
1548 571 1842 651 exceptio-

613 674 720 727 ne,v
764 654 1168 713 Phaenomena
1217 674 1392 728 noua,
1437 656 1799 736 experimen-

741 741 812 799 tis
854 740 1085 813 elicsta,
1131 752 1193 800 et
1237 742 1666 822 explicationeS.

649 874 913 935 Auctore
955 876 996 935 Ι.
1043 877 1120 936 Α.
1167 876 1408 936 Braunio
1451 898 1583 959 pag.
1629 879 1761 960 289.

572 1023 788 1138 Quum
820 1034 862 1077 in
895 1034 1083 1086 gradibus
1114 1035 1309 1087 frigoriS,
1366 1035 1435 1076 sub
1464 1033 1610 1089 quibus
1644 1035 1768 1077 fluida
1803 1038 1845 1078 in

715 1102 861 1142 statum
913 1098 1126 1142 firmitatis
1175 1102 1409 1152 transeunt,
1461 1110 1503 1141 et
1553 1101 1729 1152 caloris,
1781 1101 1848 1146 sub

565 1166 711 1219 quibus
745 1164 943 1207 ebulliunt
968 1197 980 1216 ‚
1012 1165 1351 1218 determinandis,
1385 1164 1686 1207 Celeberrimus
1722 1165 1846 1206 huius

566 1229 866 1272 Dissertationis
904 1231 1067 1272 Auctor
1097 1241 1316 1285 occupatus
1358 1230 1481 1281 effet;
1536 1230 1847 1283 phaenomenon

566 1295 820 1347 obseruauit,
853 1295 1079 1349 singulare,
1113 1296 1204 1338 licet
1238 1308 1318 1337 non
1354 1296 1472 1348 plane
1505 1307 1691 1345 nouum,
1716 1307 1847 1348 quum

568 1357 823 1402 Clarissimus
856 1361 1138 1411 Richmannus,
1172 1360 1351 1415 primus,
1389 1359 1472 1400 sine
1503 1358 1627 1400 dubio
1660 1360 1747 1399 eius
1782 1360 1850 1400 in-

568 1435 714 1467 ventor
742 1458 753 1477 ‚
804 1426 846 1466 in
895 1425 958 1467 his
1010 1425 1248 1467 Comment.
1297 1425 1478 1465 eiusdem
1531 1425 1614 1462 iam
1666 1424 1851 1464 mentio-

567 1501 664 1529 nem
719 1489 887 1540 fecerit,
939 1491 1049 1543 quod
1091 1503 1112 1530 a
1146 1487 1285 1541 regula
1319 1487 1513 1539 vulgari,
1569 1500 1647 1540 qua
1682 1488 1847 1538 scimus,

574 1552 754 1593 calorem
789 1555 895 1592 inter
929 1564 1099 1604 corpora
1133 1553 1322 1601 contigua
1355 1551 1688 1600 communicari,
1732 1563 1850 1592 nota-

568 1616 693 1658 bilem
732 1615 919 1669 producit
952 1616 1232 1669 exceptionem
1254 1630 1266 1664 ;
1299 1625 1421 1669 atque
1443 1614 1517 1654 hoc
1537 1614 1848 1668 phaenomenon

569 1683 613 1722 in
649 1682 844 1737 praesenti
878 1678 1149 1723 dissertatione
1180 1681 1352 1734 exponit
1383 1679 1648 1735 explicatque.

715 1746 832 1797 Vas,
857 1758 959 1800 aqua
992 1747 1040 1787 ad
1071 1749 1163 1787 duas
1198 1746 1335 1786 tertias
1370 1745 1574 1799 repletum
1598 1778 1608 1798 ,
1650 1743 1721 1786 alii
1757 1756 1848 1784 rna·

574 1810 689 1862 iori,
741 1811 882 1851 itidem
931 1823 1031 1864 aqua
1084 1812 1272 1866 repleto,
1325 1811 1538 1865 imponit,
1587 1821 1710 1863 eaque
1758 1808 1847 1848 vasa

575 1876 659 1926 igni
693 1878 864 1929 exponit
886 1907 897 1926 ‚
932 1876 1032 1917 adeo
1053 1907 1064 1927 ,
1111 1887 1157 1918 vt
1188 1888 1289 1930 aqua
1313 1907 1324 1927 ,
1373 1877 1413 1916 in
1447 1877 1590 1916 maiori
1625 1874 1713 1914 vase
1749 1885 1848 1912 con-

572 1950 715 1990 tenta,
767 1940 934 1982 ebullire
970 1941 1165 1995 incipiat,
1218 1941 1436 1995 posteaque
1478 1942 1652 1993 gradum
1709 1937 1854 1979 caloris

575 2006 680 2056 ignis
716 2006 911 2045 continuo
944 2017 1076 2059 anget.
1176 2005 1435 2058 Exspectares
1456 2036 1466 2055 ,
1506 2006 1617 2047 breui
1653 2004 1736 2044 fore
1757 2034 1768 2053 ‚
1801 2011 1846 2041 vt

573 2068 681 2110 calor
715 2081 840 2121 aquae
874 2069 1107 2122 bullientis,
1151 2071 1190 2110 in
1227 2072 1374 2111 maiori
1409 2071 1494 2110 vase
1527 2078 1768 2114 contentae,
1804 2065 1846 2105 in

574 2147 722 2190 aquam
747 2163 759 2186 ,
794 2135 835 2175 in
873 2136 1026 2178 minori
1060 2145 1288 2178 contentam
1313 2166 1325 2186 ,
1361 2136 1528 2176 transcat
1554 2167 1565 2187 ,
1604 2131 1846 2184 eandemque

1806 2208 1846 2235 in
