2008 2735
628 184 746 238 »ιὲἐέ
778 181 792 240 )
827 194 854 224 0
892 179 907 238 (
938 181 1053 235 ἓξὲ-
1387 194 1473 235 195

648 297 752 340 DE
821 297 1040 339 Novo

213 388 1480 455 N11013c>sczol?1c>RxsN1

329 510 612 557 GENERE
673 513 769 555 EX
824 511 954 554 SEX
1016 513 1362 560 LENTIBVS

624 589 1065 635 COMPOSITIO.

699 723 990 764 Auctore

576 834 630 876 L.
698 836 1096 879 EVLERO.

830 991 866 1010 J..

209 1063 379 1180 Cum
416 1070 682 1124 microscopia
717 1069 919 1125 simplicia
956 1069 1128 1111 maiores
1169 1068 1481 1125 multiplicatio·

203 1126 205 1130 ¹
339 1149 405 1177 nes
442 1136 581 1188 largiri
613 1146 812 1190 nequeant
834 1167 845 1187 ‚
881 1134 954 1176 nisi
991 1135 1207 1176 lenticulae
1241 1148 1365 1189 quam
1402 1136 1487 1176 rni-

208 1202 344 1241 nimae
377 1201 672 1252 adhibeantur,
724 1214 901 1256 quarum
939 1201 1184 1241 constructio
1216 1213 1296 1240 non
1348 1201 1484 1242 solum

207 1265 415 1305 summam
459 1265 625 1305 artificis
658 1265 876 1307 ibllertiam
913 1267 1086 1320 requirit
1113 1298 1123 1317 ,
1158 1265 1220 1306 sed
1254 1265 1378 1304 etiam
1411 1265 1485 1305 ob-

211 1328 312 1367 iec‘ta
349 1328 440 1381 ipsis
477 1339 559 1367 tam
595 1341 718 1381 prope
755 1333 963 1370 admoueri
996 1332 1170 1381 debent,
1226 1338 1273 1369 vt
1320 1338 1484 1369 tantum

211 1405 293 1433 non
330 1392 569 1433 lenticulam
606 1394 841 1444 contingant
866 1424 876 1441 .,
932 1397 1099 1447 ideoque
1136 1395 1332 1434 minimae
1376 1396 1486 1434 inae-

210 1454 423 1510 qualitates
459 1459 498 1497 in
535 1469 680 1497 eornm
717 1457 925 1511 superficie
960 1460 1081 1498 nimis
1116 1458 1273 1498 confuse
1323 1469 1487 1512 reprae-

210 1522 453 1571 sententur-3
489 1532 535 1562 vt
564 1521 625 1561 liis
655 1520 874 1574 insignibus
910 1523 1182 1563 incommodis
1214 1533 1454 1562 occurratur
1475 1553 1487 1575 ,

211 1587 476 1640 microscopia
509 1585 732 1641 composita
768 1588 808 1626 in
845 1591 962 1627 vium
998 1589 1134 1627 vocari
1170 1587 1261 1626 sunt
1309 1597 1451 1640 coepta
1473 1617 1485 1637 ,

210 1653 354 1705 quibus
391 1653 595 1692 maiorum
634 1651 921 1691 lentIcularum
967 1651 1163 1692 beneficio
1219 1651 1488 1703 quantumuis

212 1729 380 1768 magnac
416 1717 778 1770 multiplicationes
811 1717 978 1770 produci
1014 1715 1199 1770 possunt,
1234 1715 1289 1755 ita
1328 1725 1380 1756 'vt
1416 1714 1488 1756 ob-

213 1780 315 1820 ieeta
350 1795 428 1822 non
464 1782 560 1823 adeo
597 1793 723 1836 prope
758 1782 969 1822 admoueri
1007 1781 1153 1820 necesse
1190 1778 1249 1819 sit.
1344 1780 1488 1832 Vulgo

215 1843 309 1883 haec
353 1848 617 1901 microscopia
673 1844 799 1886 tribus
850 1846 1023 1888 conflant
1074 1844 1279 1893 lentibus,
1330 1854 1490 1899 praeter

213 1909 455 1951 obiestiuam
494 1913 641 1953 scilicet
695 1911 798 1950 binis
846 1910 1109 1961 ocularibus,
1160 1921 1337 1961 quarum
1385 1910 1493 1950 ratio

213 1974 258 2012 ab
294 1974 513 2014 artificibus
544 1975 813 2016 diuersimotle
848 1975 1079 2026 affiguntur.
1166 1974 1320 2014 Veram
1351 1983 1490 2014 autem

213 2038 416 2079 rationem
453 2053 581 2093 nuper
615 2041 826 2090 indicaui,
884 2052 961 2092 qua
999 2038 1047 2078 fit
1071 2069 1080 2087 ‚
1139 2047 1184 2078 vt
1226 2050 1306 2079 non
1357 2038 1492 2080 iolum

214 2103 451 2145 maximum
506 2106 548 2145 in
598 2106 754 2147 obiefio
817 2105 990 2157 spatium
1051 2103 1320 2158 conspiciatur
1352 2135 1362 2155 ‚
1429 2102 1493 2143 sed

847 2168 880 2210 B
904 2170 926 2210 b
965 2181 987 2208 2
1362 2167 1488 2210 etiam
