2008 2735
513 182 605 230 338
725 169 993 219 ΕΧΑΜΕΝ
1026 171 1243 216 THEOR.
1282 169 1557 217 MAGNET.

508 294 699 342 dii-Erat,
751 301 868 343 atque
924 296 1063 342 patet,
1114 288 1392 329 intensitatum
1442 286 1584 330 scalam
1631 287 1773 330 itidem

510 360 754 398 mutationes
789 355 1028 406 continuas,
1080 354 1133 394 ast
1169 353 1327 395 infintte
1363 366 1502 407 paruas
1537 353 1620 407 pati
1661 354 1776 394 debe-

507 433 562 463 re.
629 422 737 462 Cum
772 433 873 470 ergo
905 427 1051 458 notum
1088 417 1136 458 fit
1157 449 1168 470 ‚
1221 420 1439 460 constantes
1461 450 1472 469 ‚
1505 429 1606 472 quae
1640 416 1780 470 ingre-

506 486 676 526 diuntur
707 498 854 525 curu-ae
889 483 1046 524 altioris
1079 485 1232 524 ordinis
1265 485 1541 538 aequationem
1563 513 1575 533 ‚
1617 482 1673 522 ita
1707 483 1779 523 de-

504 550 722 590 terminari
757 550 902 604 posse,
953 559 1000 589 vt
1042 549 1084 588 in
1135 547 1321 602 quamuis
1374 550 1574 590 inferioris
1625 546 1778 588 ordinis

504 613 654 655 lineam
678 616 757 669 ipsa
791 615 972 659 transeat,
1009 624 1151 664 negare
1185 615 1373 665 equidem
1409 615 1529 665 nolo,
1563 612 1651 653 ficri
1689 611 1781 666 pos-

504 680 541 720 se
562 710 573 729 ,
630 690 677 720 vi
712 681 808 721 icala
847 677 1122 720 intenfitatum
1144 709 1156 729 ,
1210 690 1280 731 per
1310 679 1455 729 gradus
1489 678 1647 718 infinite
1683 688 1777 730 par-

506 754 582 783 vos
615 746 662 784 ad
696 745 848 786 restam
884 744 1076 793 accedat,
1122 744 1361 797 tandemque
1396 743 1465 783 snb
1496 746 1586 785 data
1636 743 1778 792 virgae

503 806 758 860 longitudine
794 820 956 862 pen÷tus
1002 808 1041 846 in
1092 807 1243 848 retstam
1296 810 1446 848 euadat.
1547 806 1654 854 Ast,
1704 804 1777 845 etsi

504 874 600 914 haec
634 874 900 915 concedantur
922 905 934 923 ‚
966 871 1129 911 euidens
1165 883 1299 912 tamen
1334 873 1387 913 est
1410 903 1423 922 ‚
1457 885 1536 913 non
1573 869 1647 912 nist
1681 870 1779 910 vni·

502 950 591 979 cnm
627 939 939 977 determinatam
975 935 1059 974 dari
1095 937 1200 987 pofl‘e
1252 935 1553 989 longitudinem
1605 936 1745 988 virgae
1767 965 1779 986 ,

502 1001 571 1041 sub
605 1012 682 1053 qua
719 999 875 1043 Marem·
910 997 1048 1050 regula
1083 999 1216 1039 valere
1253 1003 1380 1050 potest
1407 1033 1418 1051 ,
1463 1013 1581 1055 atque
1622 1000 1651 1041 fi
1707 1008 1778 1040 aut

504 1063 668 1115 longior
699 1073 768 1103 siut
803 1065 963 1104 breuior
997 1060 1220 1100 assumatur
1253 1064 1368 1112 virga
1392 1094 1402 1112 ,
1456 1077 1535 1103 non
1593 1064 1743 1104 reetam
1767 1092 1780 1113 ,

503 1129 564 1169 sed
600 1141 765 1168 curnam
800 1128 996 1183 quandam
1024 1156 1036 1177 ,
1089 1137 1166 1179 pro
1200 1126 1480 1168 intenfitatum
1528 1124 1625 1168 scala
1678 1126 1782 1164 affu-

503 1193 692 1233 mendam
724 1191 811 1232 effe.

654 1303 721 1345 De
758 1303 1010 1355 magnetibus
1044 1300 1321 1350 naturalibus,
1354 1309 1473 1351 atque
1508 1299 1780 1351 ferramentis,

501 1367 576 1409 alia
598 1399 610 1419 ‚
659 1381 781 1423 quam
825 1367 1018 1409 methodo
1051 1366 1221 1419 duplicis
1256 1364 1463 1405 contaetus
1498 1362 1779 1416 magnetifica-

502 1434 555 1473 tis
587 1436 762 1474 omnino
793 1433 907 1484 loqui
951 1434 1247 1484 superuacuum
1299 1439 1430 1482 puto,
1478 1427 1525 1467 de
1576 1428 1776 1481 priorzbus

500 1499 611 1538 enim
651 1511 720 1550 per
754 1497 1049 1550 experientiam
1082 1495 1171 1536 satis
1204 1495 1353 1535 constat
1375 1524 1386 1544 ,
1429 1492 1544 1533 valde
1580 1492 1776 1541 irregula-

499 1574 590 1602 rem
624 1561 696 1601 css‘e
733 1560 854 1602 (olere
890 1573 961 1613 per
996 1561 1100 1614 ipsos
1136 1560 1382 1613 magneticae
1416 1556 1480 1597 vis
1527 1557 1776 1598 distributio-

498 1637 595 1668 nem
617 1655 629 1674 ,
662 1638 705 1665 ac
739 1629 788 1668 de
824 1625 1105 1679 posterioribus
1126 1655 1138 1675 ,
1172 1625 1221 1665 iis
1241 1655 1252 1675 ,
1286 1625 1355 1676 qui
1388 1633 1568 1674 vnquam
1605 1633 1774 1674 magne-

500 1690 594 1732 ticis
626 1690 919 1743 experimentis
951 1702 1118 1742 operam
1151 1689 1349 1731 dederunt
1371 1717 1383 1736 ,
1417 1685 1669 1727 notiss'imum
1705 1686 1777 1738 cst,

498 1754 572 1794 effe
605 1755 925 1796 distributionem
961 1753 1207 1807 magneticae
1240 1754 1305 1793 vis
1338 1763 1408 1805 per
1442 1751 1521 1804 ipsa
1542 1782 1553 1801 ‚
1604 1752 1644 1790 in
1698 1763 1772 1791 ex-

498 1820 827 1873 perimentateris
860 1819 1050 1875 potestate
1084 1818 1390 1872 quodammodo
1423 1814 1539 1855 sitam
1564 1847 1576 1865 ,
1628 1816 1683 1856 ita
1726 1824 1774 1856 vt

496 1884 655 1924 variare
690 1885 815 1939 ipsam
841 1915 854 1938 ,
902 1897 945 1927 ac
976 1896 1055 1941 pro
1087 1884 1221 1926 lubitu
1256 1884 1335 1926 sere
1366 1879 1635 1934 irregularem
1681 1880 1776 1923 red·

495 1947 591 1990 dere
621 1947 753 1994 liceat.

1559 2148 1771 2199 SECTIO
