2008 2735
574 182 660 232 526
763 179 847 222 DE
881 177 1318 223 PROPRIETATIB.
1353 180 1641 225 PLANTAR.

567 296 700 339 caussa.
833 294 1009 350 Sargff
1061 305 1200 337 contra
1264 297 1401 338 vrinae
1449 296 1733 339 difficultatem
1793 297 1839 337 ab

570 359 823 405 Americanis
852 361 1074 404 adhibetur.
1146 360 1294 403 Nonne
1327 375 1371 403 ea
1403 375 1423 402 a
1458 362 1615 416 spasmo
1649 360 1837 411 nascitur,

570 426 635 467 vel
683 439 704 466 a
754 424 910 466 calculo
958 425 1119 466 inducta
1172 425 1237 465 vel
1288 427 1650 480 quomodocunque
1684 421 1836 466 aliter?

567 488 756 546 Quidque
789 500 1002 543 propterea
1037 490 1205 530 materia
1240 490 1446 543 saponacea
1476 491 1699 544 excogitari
1740 501 1833 544 pot-

567 556 620 597 est
654 552 883 597 efficacius?
921 554 1078 602 Eodem
1114 553 1260 594 ibidem
1297 555 1487 595 mulieres
1522 558 1701 610 spartum
1736 567 1834 608 pro-

566 629 759 671 mouent,
796 619 940 660 scimus
971 619 1162 674 quidem,
1197 617 1386 672 pollentia
1420 620 1497 661 hoc
1532 622 1570 661 in
1589 620 1675 662 casu
1697 621 1835 660 omnia

566 686 710 728 noxios
744 684 985 739 plerumque
1019 693 1187 724 euentus
1237 683 1379 724 habere
1442 684 1511 725 fibi
1577 683 1835 739 pedissequos.

567 749 642 792 Sed
676 749 875 794 obstaculo
911 758 1070 807 tantum
1096 780 1106 799 ‚
1140 762 1161 789 a
1196 748 1400 800 rigiditate
1435 760 1553 800 nato,
1587 750 1683 803 quid
1719 747 1834 789 tolle—

568 825 612 855 re
665 814 768 856 illud
822 817 876 857 est
925 813 1151 868 simplicius
1212 813 1479 854 medicamine
1548 827 1628 855 nou
1695 812 1834 854 calido.

561 878 763 941 Qtaercus
797 881 948 922 marina
983 888 1045 920 tot
1081 878 1277 932 tantisque
1311 879 1510 919 encomiis
1535 877 1752 920 inscirrhis
1772 890 1836 918 ce-

568 944 751 996 lebrata,
794 955 835 986 et
869 957 890 984 a
927 944 1083 996 magnis
1118 943 1230 982 Viris
1253 974 1263 993 ,
1313 956 1336 983 e
1371 943 1512 997 quibus
1554 944 1722 984 vnicum
1772 942 1836 983 Ill.

570 1006 850 1049 GAVBIVM
872 1037 884 1058 ‚
926 1007 1163 1048 membrum
1200 1007 1442 1048 Academiae
1476 1008 1628 1048 nostrae
1663 1006 1839 1048 honora·

570 1072 679 1112 rium
713 1070 994 1123 dignissimum
1017 1100 1029 1120 ,
1079 1071 1253 1110 excitare
1290 1071 1418 1122 placet
1444 1100 1455 1119 ,
1506 1070 1699 1122 singulari
1741 1083 1837 1112 cum

568 1134 704 1178 srustu
737 1136 825 1176 ideo
858 1136 900 1175 in
934 1134 1184 1188 frequentem
1221 1134 1339 1174 vsum
1372 1133 1579 1187 adhibita,
1628 1134 1725 1188 quid
1763 1136 1840 1175 ite-

569 1212 666 1242 rum
701 1199 945 1240 demonstrat
979 1197 1087 1237 aliud
1110 1227 1122 1246 ,
1171 1209 1293 1249 quam
1323 1198 1430 1248 quod
1468 1199 1510 1235 vi
1546 1208 1636 1249 agat
1676 1199 1837 1250 sapona-

569 1274 634 1303 cea
656 1292 669 1313 ,
706 1274 785 1315 qua
821 1262 964 1301 donata
995 1261 1042 1301 ad
1083 1259 1350 1300 minutiffima
1384 1268 1562 1312 penetrat
1597 1260 1726 1311 Vasa,
1774 1274 1841 1302 ea-

569 1327 745 1380 demque
780 1326 923 1366 restrat
975 1321 1203 1366 obstrue'hi?
1256 1323 1353 1365 Fuci
1388 1324 1545 1375 vicini,
1596 1323 1658 1364 illi
1711 1325 1840 1365 nimi-

570 1403 666 1434 rum
690 1422 702 1440 ‚
735 1391 808 1446 qui
842 1387 1033 1430 vesiculas
1066 1398 1213 1441 gerunt
1249 1390 1289 1428 in
1323 1389 1499 1443 apicibus
1534 1388 1738 1430 frondium
1775 1388 1842 1431 vel

569 1455 736 1510 sparsim
775 1456 815 1495 in
851 1453 1063 1508 superficie
1096 1452 1298 1506 dispositas
1320 1484 1331 1503 ‚
1363 1452 1574 1493 mucifluas
1595 1483 1605 1502 ‚
1656 1454 1751 1507 quin
1788 1453 1839 1494 si-

570 1520 667 1562 mili
702 1522 859 1562 virtute
893 1519 1124 1571 gaudeant,
1158 1530 1238 1557 non
1275 1517 1464 1558 habemus
1486 1547 1497 1568 ,
1539 1518 1646 1570 quod
1683 1518 1840 1558 dubite-

571 1597 696 1636 mus,
751 1584 902 1637 partim
953 1584 1062 1623 enim
1116 1591 1278 1624 eatenus
1314 1583 1393 1622 iam
1430 1582 1678 1635 comprobati
1715 1584 1837 1633 sunt,

571 1650 804 1704 partimque
835 1649 1213 1700 experimentorum
1251 1656 1410 1687 tuntum
1446 1646 1613 1688 defecius
1651 1647 1693 1686 in
1727 1647 1840 1688 caus·

571 1715 608 1756 sa
643 1714 698 1756 est
719 1745 730 1765 ‚
762 1724 846 1766 quo
880 1712 1016 1752 minus
1052 1709 1324 1764 pulcherrima
1359 1724 1421 1752 res
1456 1711 1652 1765 perspcc‘ia
1695 1710 1835 1753 habea-

573 1789 651 1821 tur.
739 1776 896 1834 Quibus
930 1787 1025 1816 cum
1061 1776 1110 1817 iis
1144 1774 1342 1829 perpensis
1363 1808 1374 1827 ‚
1426 1788 1523 1830 quae
1555 1775 1749 1834 continuo
1785 1777 1840 1817 sea

571 1851 748 1898 quentur
769 1873 781 1894 ,
814 1854 895 1882 non
929 1841 1100 1882 dubium
1134 1840 1314 1894 amplius
1347 1841 1569 1894 supererit,
1623 1840 1761 1891 vigere
1794 1841 1836 1880 in

571 1908 762 1949 omnibus
795 1905 975 1960 plantis,
1009 1906 1147 1960 primo
1181 1903 1256 1946 hoc
1291 1907 1431 1946 ordine
1463 1903 1680 1959 propositis
1703 1937 1715 1953 ,
1748 1905 1837 1944 vir-

573 1982 705 2012 tutem
747 1970 1046 2022 resumentem,
1098 1971 1382 2023 saponaceam,
1428 1969 1549 2010 adesse
1602 1978 1741 2009 autem
1795 1968 1836 2009 in

572 2036 810 2090 quibusdam
846 2039 973 2089 gradu
1007 2033 1357 2086 eminentissimo,
1399 2034 1440 2074 in
1471 2033 1558 2074 aliis
1588 2033 1836 2076 eminentio-

571 2113 650 2154 re,
683 2099 825 2143 sensim
862 2099 1083 2156 sensimque
1116 2099 1205 2141 dein
1257 2099 1523 2143 obscuriorem
1575 2097 1674 2159 fieri.
1772 2096 1832 2163 Its-³

1716 2167 1832 2198 nouis
