2008 2735
334 182 416 224 EX
451 181 852 226 CHARACTERE
887 182 1210 225 BOTANICO.
1316 195 1399 233 545

140 301 249 351 giam
282 295 434 336 habeut,
521 293 624 350 Quis
658 293 858 335 Verona-ae
894 294 1015 334 nest-'t
1052 294 1091 334 in
1126 295 1410 334 olestruffloni-

138 365 209 404 bus
240 355 495 402 efficaciam?
544 359 645 414 Quis
679 359 839 411 ignorat
876 357 1120 411 pecroralem
1157 357 1270 401 illius
1324 360 1411 398 vir-

141 439 271 470 tutem
296 455 307 474 ‚
341 437 459 477 quam
498 434 666 476 propter
701 426 877 465 tonicam
912 422 1071 467 exserit,
1173 423 1310 480 Quem
1346 423 1411 463 fu-

137 494 230 545 git,
270 489 462 530 Verhenas
497 500 592 528 cum
628 489 767 529 eadem
805 487 982 529 indolem
1020 487 1160 528 habere
1198 484 1412 529 similem}

137 557 271 612 Quem
321 553 546 608 Iss'uphrastae
565 584 575 604 ,
626 551 699 593 etfi
751 549 1029 595 debiliorem?
1084 552 1131 593 ln
1185 550 1412 595 Orobanche

136 622 389 673 saponaceam
426 619 629 660 virtutem
664 629 818 658 veteres
853 618 1101 667 laudarunt,
1144 627 1184 656 et
1221 627 1412 670 tanquam

135 684 384 726 medicamen
414 684 674 724 diaeteticum
700 713 712 733 ‚
744 684 866 725 oleris
902 684 992 726 loco
1025 682 1257 732 edendum,
1291 693 1410 724 com-

136 749 378 789 mendarunt
400 778 411 797 ‚
445 748 545 800 quin
580 757 719 789 contra
749 749 923 788 colicam
967 745 1247 790 adhibuerunt.
1317 744 1412 786 Lin-

135 823 232 853 naea
265 813 459 852 diui-etita
487 812 552 852 est.
636 810 880 861 Cymbalaria
929 810 1256 862 subadstringens.
1342 809 1413 851 Li-

135 878 248 918 nart'a
280 876 477 927 anodyna.
577 875 757 918 Gratiola
793 885 952 933 purgat.
1038 874 1211 928 Reliqua
1247 872 1274 916 sl
1319 876 1412 926 quis

135 942 247 982 iustis
277 941 567 994 experimentis
602 940 787 993 prosequi
824 939 950 981 vellet
974 971 985 989 ‚
1036 940 1231 980 inueniret
1269 939 1412 991 procul

134 1006 258 1046 dubio
293 1008 470 1047 virtutes
500 1004 653 1047 ssmiles
674 1034 686 1056 ,
717 1016 739 1043 e
773 1005 982 1059 sapouacta
1015 1004 1165 1046 maiori
1200 1003 1411 1045 minoriuc

131 1068 430 1124 prouenitntes.

271 1197 458 1237 Tandem
494 1193 732 1245 Nasturcina
761 1197 895 1237 adfero
918 1226 930 1246 ‚
986 1195 1303 1249 tetradynamias
1321 1195 1413 1250 fili-

130 1259 261 1316 quosas·
291 1271 332 1302 et
354 1258 553 1313 filiculolas
575 1289 587 1309 ‚
619 1261 667 1301 de
702 1261 847 1314 quibus
881 1261 1087 1313 omnibus,
1121 1263 1228 1314 quod
1252 1260 1411 1314 plantae

133 1326 375 1380 plerumque
428 1325 467 1363 in
519 1324 681 1378 Europa
714 1324 790 1365 sint
815 1355 826 1377 ,
854 1324 1068 1366 certissime
1104 1327 1378 1381 cognouimus
1402 1355 1414 1378 ,

133 1389 208 1431 ess'e
241 1398 407 1442 excepta
441 1388 553 1430 nulla
576 1420 588 1440 ,
621 1389 972 1442 antiscorbuticas‚
1003 1389 1191 1432 conflatas
1225 1403 1276 1430 ex
1298 1392 1413 1444 prin·

135 1455 253 1507 cipiis
287 1453 417 1496 salinis
455 1452 692 1495 volatilibus
714 1486 725 1506 ,
758 1455 915 1496 acribus
939 1484 951 1507 ‚
982 1457 1101 1498 acidis
1125 1485 1137 1507 ‚
1178 1456 1322 1509 quibus
1350 1454 1414 1496 al-

134 1517 209 1562 cali
233 1549 244 1570 ,
283 1518 375 1559 oleo
417 1528 674 1561 attenuatum
709 1521 907 1572 iungitur.
992 1521 1092 1563 Inde
1128 1530 1306 1561 recenter
1341 1520 1412 1561 acl·

137 1582 281 1625 hibitas
317 1583 439 1624 lentes
474 1584 723 1638 viscidosque
757 1583 955 1627 resoluere
995 1584 1188 1627 humores
1209 1615 1220 1634 ‚
1274 1597 1413 1628 curare

137 1648 394 1698 scorbutum,
425 1657 464 1687 et
498 1661 750 1702 quascunque
782 1649 1024 1691 acrimonias
1042 1649 1251 1698 alcalinas‚
1286 1661 1412 1690 mun-

138 1710 328 1764 dificare,
378 1712 573 1754 Diuresm
630 1715 839 1763 excitare,
891 1712 1062 1767 indeque
1104 1714 1334 1767 hydropem
1370 1722 1411 1754 et

138 1775 337 1819 calculum
359 1807 370 1827 ‚
403 1778 501 1831 quin
536 1788 577 1819 et
612 1779 843 1831 pathemata
876 1778 1086 1820 artliritica
1123 1782 1254 1819 sanare
1276 1809 1287 1829 ,
1338 1776 1411 1816 fla-

141 1852 206 1882 tus
242 1839 383 1894 pellere
405 1873 416 1893 ,
451 1842 621 1885 incidere
655 1855 695 1885 et
727 1853 934 1885 attenuare
957 1873 967 1890 ‚
999 1855 1118 1898 atque
1154 1842 1251 1882 hinc
1285 1843 1411 1883 visce-

140 1917 237 1947 1um
270 1904 456 1947 inflirctus
489 1918 531 1950 et
563 1908 851 1950 obstruetiones
885 1906 1042 1951 tollere.
1130 1907 1337 1963 Quoniam
1372 1906 1412 1948 id

140 1969 188 2010 de
218 1969 406 2009 omnibus
432 1972 580 2013 constat
615 1982 655 2012 et
689 1974 851 2026 quidem
883 1974 932 2017 de
959 1972 1147 2014 omnibus
1167 1972 1414 2021 euidentius,

141 2033 325 2088 pluribus
358 2035 486 2082 verbis
517 2049 621 2089 opus
653 2050 732 2083 non
768 2038 832 2081 est.

205 2097 745 2155 Tom-Xll.Nou.Comm,
941 2097 979 2143 Z
1002 2112 1025 2142 z
1043 2111 1067 2141 z
1323 2098 1409 2144 Sic·
