2008 2735
375 163 1208 209 INTESTINORVM.
1327 177 1424 219 427

151 281 322 323 minima
345 313 355 333 ‚
408 291 508 333 quae
542 280 669 321 oculis
702 280 817 319 nudis
852 279 926 321 vix
976 278 1271 333 distinguantur
1296 311 1307 331 ‚
1353 292 1429 333 cy·

153 347 320 387 lindrica
342 377 353 393 ‚
389 345 684 399 microscopica.
772 345 945 387 Proinde
981 344 1185 386 minorem
1222 347 1429 401 quantita-

151 423 233 452 tem
271 410 458 451 materiae
492 410 599 450 albae
634 408 703 450 fibi
741 408 998 452 intericstam
1043 408 1187 450 habent
1210 441 1220 461 ‚
1272 420 1313 450 et
1357 423 1427 465 pa-

152 489 248 516 rum
284 475 550 530 pelluciditati
583 473 817 517 detrahunt.
921 476 1028 519 Haec
1064 474 1222 517 vascula
1264 475 1429 529 elegan-

157 541 301 583 tissima
333 543 401 582 suo
436 551 622 595 tempore
659 541 883 582 describam.

301 627 446 685 §.³28.
503 638 713 693 Postquam
770 639 1052 679 membranam
1100 638 1348 692 superiorem
1384 637 1431 678 ab

151 714 240 744 area
271 697 528 758 detraxissem
553 735 563 753 ,
615 713 662 744 vt
683 736 694 755 ‚
743 717 820 757 qua
855 705 1010 744 ratione
1043 703 1213 755 embryo
1247 705 1430 758 Vtrisque

153 768 397 808 membranis
449 771 698 822 interceptus
748 768 989 810 inhabitaret
1013 800 1024 819 ,
1066 769 1328 824 inferiorique
1360 770 1430 809 in-

152 834 356 874 cumberet
380 865 389 883 ,
425 833 718 874 considerarem
743 866 753 883 ,
788 833 894 874 hunc
920 865 931 884 ,
977 834 1041 887 qui
1079 835 1118 874 in
1154 846 1240 874 area
1274 837 1431 885 integra

153 896 261 937 fixus
299 899 338 938 in
373 899 443 938 suo
479 898 569 938 loco
604 899 774 948 haeret,
817 898 1011 940 mobilem
1035 930 1045 949 ‚
1098 898 1190 939 licet
1227 899 1431 940 membra·

153 974 222 1003 nae
258 962 437 1002 infcriori
485 962 702 1013 alligatum
758 964 965 1012 vinculis,
1018 962 1059 1001 in
1111 963 1431 1016 subsequentibus

149 1025 432 1079 explicandis,
484 1036 525 1066 et
576 1026 665 1065 sat³s
718 1024 893 1067 liberum
952 1025 1125 1077 inueni,
1179 1026 1240 1067 sed
1290 1028 1432 1068 amnio

150 1091 220 1129 suo
272 1090 480 1143 proprio,
530 1090 722 1144 quamuis
775 1092 999 1133 tenerrimo
1051 1099 1093 1131 ct
1144 1088 1432 1142 subtiliffimo‚

152 1154 354 1195 indutum.

303 1249 332 1296 ς.
376 1259 442 1295 29.
483 1248 586 1290 Hinc
621 1261 720 1301 ergo
754 1261 859 1290 nunc
892 1249 982 1290 satis
1004 1281 1015 1300 ,
1049 1251 1146 1305 quid
1181 1251 1313 1294 areola
1335 1265 1432 1305 pro-

156 1311 242 1363 prie
279 1311 326 1351 sit
349 1342 358 1360 ‚
398 1323 520 1364 patet.
621 1314 743 1355 Nihil
779 1314 883 1355 aliud
918 1316 970 1356 est
1008 1315 1084 1358 hoc
1120 1317 1284 1370 quidem
1323 1326 1433 1358 tem-

146 1389 252 1429 ‘pore
277 1409 287 1425 ‚
338 1377 400 1416 die
439 1392 584 1434 nempe
620 1383 740 1421 tertio
773 1392 813 1421 et
867 1382 995 1432 postea
1021 1412 1033 1433 ‚
1083 1394 1206 1434 quam
1259 1383 1431 1424 interior

156 1454 264 1481 areae
300 1441 518 1484 xascnlolae
558 1457 646 1499 pars
668 1478 678 1497 ‚
733 1447 772 1484 in
808 1458 885 1499 qna
922 1446 1179 1488 membranae
1214 1447 1362 1488 solutae
1407 1459 1429 1487 a

156 1506 189 1546 st:
223 1508 398 1548 inuicem
437 1507 545 1560 sint,
597 1522 642 1551 vt
677 1511 941 1560 embryonem
978 1524 1074 1551 cum
1118 1513 1257 1553 amnio
1300 1513 1430 1552 inter·

155 1572 342 1624 cipiunt,
394 1573 571 1629 vasisque
627 1576 878 1624 maioribus,
949 1587 990 1617 et
1042 1578 1210 1618 materia
1275 1589 1434 1630 opaca,

155 1637 431 1679 destituantur.
532 1639 603 1681 1³,st
627 1673 637 1691 ‚
688 1639 798 1695 quasi
849 1640 890 1680 in
935 1653 1023 1682 area
1055 1641 1257 1683 vasculoia
1291 1642 1430 1683 ambae

161 1703 412 1744 membranae
446 1717 514 1757 per
553 1706 676 1760 ipsam
713 1706 826 1746 illam
866 1709 1079 1748 materiam
1114 1706 1242 1748 albam
1272 1717 1312 1747 et
1328 1719 1430 1760 opa-

155 1778 242 1805 cam
269 1797 278 1812 ,
326 1769 363 1807 in
418 1782 494 1823 qua
548 1772 630 1811 vasa
674 1781 925 1821 exarantur,
991 1775 1123 1813 secum
1160 1773 1339 1812 inuicem
1377 1770 1429 1809 si—

159 1829 246 1869 mvl
283 1834 613 1876 connestcrz'nwr
635 1868 645 1885 ‚
681 1849 780 1890 quac
803 1867 813 1885 ,
848 1848 941 1875 cnm
979 1838 1016 1876 in
1051 1836 1181 1875 areola
1215 1836 1338 1886 deest,
1368 1835 1428 1875 ef·-

160 1894 327 1939 ficeret,
383 1909 426 1938 x't
480 1903 737 1942 membranae
789 1900 939 1942 solutae
989 1915 1009 1941 a
1061 1901 1094 1940 se
1127 1901 1303 1942 inuicem
1341 1898 1424 1941 sint.

159 1960 383 2000 &numnam
419 1975 516 2014 ergo
550 1968 738 2006 amninm
783 1967 864 2017 est,
919 1967 1026 2019 quod
1063 1965 1203 2006 codem
1243 1976 1427 2019 tempore

153 2038 248 2065 cum
283 2040 324 2065 (a
361 2027 614 2080 ‹hieru-arur,
649 2032 694 2071 ab
725 2031 941 2084 eademque
973 2031 1264 2083 distinguitur3
1300 2043 1427 2084 neque

153 2090 344 2130 chorssxim
370 2123 380 2143 ‚
428 2097 536 2147 quod
573 2109 651 2137 non
687 2096 820 2137 solum
852 2096 1121 2147 embryonem
1153 2108 1252 2137 cum
1285 2097 1428 2136 amnio

757 2159 793 2199 H
814 2157 839 2198 h
860 2160 887 2200 h
928 2172 949 2198 2
1382 2171 1427 2200 ea
