2008 2735
302 189 620 235 MARIAE
674 189 1178 232 RVTHENICA.
1286 200 1370 238 551

104 308 216 350 vlims
251 307 288 344 ii
324 304 518 356 quadrato
553 300 713 341 habebnt
736 332 747 351 ,
785 313 861 340 vna
897 311 1056 343 tantum
1091 314 1233 357 quarta
1271 313 1381 356 parte

106 381 284 425 excepta.
387 369 445 408 Ea
484 379 583 407 vero
616 366 804 419 exempla
839 378 926 407 rara
956 369 1077 417 suut;
1123 369 1380 422 pretiumque

110 439 206 479 uico
240 433 376 486 glaciei
414 431 527 473 illius
583 431 662 470 iam
717 432 805 471 tatis
856 443 1090 484 magnum,
1144 434 1252 486 quod
1307 442 1384 472 tres·

111 502 246 542 tertias
270 497 397 539 .vln·.1e
432 508 560 551 partes
594 493 734 548 explet
761 528 771 547 ,
824 495 923 536 libra
957 499 1067 539 enim
1126 496 1242 537 huius
1295 495 1388 537 loco

114 562 232 606 natali
312 574 395 603 vno
483 572 524 603 et
583 560 736 600 duobus
791 561 917 601 etiam
969 561 1150 604 Rubellis
1198 562 1382 603 soluitur.

111 629 313 670 Oznnium
348 627 550 668 ordinaria
582 626 636 666 cst
657 655 670 675 ,
708 637 809 679 quae
845 625 1169 677 'Ifivbetwertnaia
1201 627 1389 677 dicitur,

113 695 204 734 inde
240 703 392 732 nomen
435 693 546 733 τωδὶ-α
569 722 580 742 ,
625 691 733 743 quod
769 701 957 743 quartam
993 691 1108 732 vinae
1143 702 1301 745 partem
1346 692 1388 731 in

111 759 306 811 quadrato
335 756 508 808 expleat.
612 756 750 795 Vnum
789 756 870 796 Pud
904 755 1000 796 octo
1030 757 1077 797 ad
1110 757 1250 798 decem
1300 756 1390 797 Ru-

112 822 223 863 bellis
254 821 420 862 constit.
503 820 709 862 Omnium
747 818 937 860 vilissima
970 820 1026 861 est
1060 820 1276 862 Schinae-ha
1318 821 1390 861 ad·

116 886 286 941 pellata,
309 886 633 937 magnitudinem
654 883 796 924 liabens
816 915 827 934 ,
855 885 991 937 priore
1011 886 1218 927 minorem
1237 917 1248 937 ,
1268 897 1392 938 quae-

114 963 194 1005 que
212 952 379 1001 acubus,
415 952 519 991 vnde
551 949 828 990 denominatio
861 950 1017 999 oritur,
1051 951 1243 1002 coniungi
1279 951 1393 990 inui-

113 1028 202 1058 cem
223 1015 331 1056 solet.
395 1016 594 1055 Hactenus
616 1011 896 1061 PATKVVS,
911 1014 980 1066 qui
1002 1015 1230 1055 vberiorem
1252 1012 1396 1064 glaciei

117 1077 441 1132 disquisitionem
475 1080 591 1118 edere
629 1078 759 1117 secum
795 1076 1006 1117 constituit
1027 1108 1038 1129 ‚
1087 1087 1129 1117 at
1164 1086 1396 1131 praematu-

117 1156 161 1185 ra
188 1173 199 1194 ,
250 1154 374 1196 quam
409 1143 501 1182 boni
537 1139 676 1181 dolent
699 1173 711 1191 ,
767 1150 900 1181 morte
921 1171 932 1190 ‚
979 1141 1314 1194 grauiffimosque
1354 1149 1396 1181 et

117 1210 334 1250 diuturnos
367 1205 476 1244 illius
528 1203 771 1255 prodromos
818 1204 1002 1244 detentus
1052 1206 1162 1254 fuit,
1214 1214 1260 1245 vt
1302 1216 1398 1245 cum

119 1271 319 1326 plerisque
351 1268 538 1320 contigit.
608 1263 741 1308 Credo
775 1268 978 1321 proinde,
1028 1280 1117 1309 rem
1151 1281 1219 1310 me
1258 1268 1398 1310 Mine-

117 1336 266 1386 ralogis
300 1332 403 1373 haud
434 1333 630 1386 praestare
662 1332 898 1385 ingratam,
950 1330 978 1372 fi
1011 1333 1270 1374 curiosissimi
1320 1334 1395 1374 ob·

118 1399 213 1442 ieffl
248 1397 461 1439 historiam
494 1399 550 1438 ita
585 1396 738 1438 tradam
761 1427 772 1448 ‚
814 1406 862 1437 vt
895 1395 1184 1452 qualiscunque
1216 1398 1399 1439 disserta·

121 1465 184 1506 tio
219 1465 500 1504 monumentis
533 1463 771 1504 Academiae
807 1473 886 1502 non
923 1461 1084 1515 indigna
1117 1462 1166 1504 sit
1190 1494 1201 1514 ,
1257 1461 1318 1504 illi
1352 1474 1398 1502 ea

121 1528 374 1581 adiiciendo,
424 1540 526 1582 quae
577 1528 624 1568 ab
671 1528 835 1582 optimo
872 1525 1108 1570 PATRVO
1139 1538 1180 1569 et
1211 1526 1399 1570 indefefl'o

127 1593 431 1644 STELLERO
466 1593 604 1635 inueni
634 1591 830 1635 adnotata.

274 1719 431 1765 Glacies
468 1721 621 1763 Mariae
640 1722 795 1773 Ruffi5,
827 1717 990 1771 sunda,
1025 1716 1242 1763 Germanis
1266 1721 1400 1762 Frau-

124 1786 311 1837 en-EiS‚
343 1789 410 1829 das
446 1785 651 1829 Ruffische
671 1818 683 1841 ,
726 1787 792 1828 das
828 1785 1152 1828 Moseowitische
1184 1784 1302 1835 Clam,
1333 1785 1399 1825 di-

125 1853 240 1894 citur.
302 1850 454 1893 Glacies
483 1851 667 1902 dicitur,
716 1852 769 1893 ob
803 1851 1150 1906 transparentiam.
1238 1848 1399 1889 Mariae

131 1928 282 1957 nomen
315 1916 362 1956 ab
394 1916 577 1970 Hispanis
611 1917 893 1969 imponebatur
916 1946 928 1968 ,
968 1915 1037 1969 qui
1072 1926 1133 1954 res
1157 1944 1170 1965 ,
1198 1924 1402 1966 quascun-

130 1993 208 2035 que
243 1979 429 2035 pulchras
462 1982 562 2023 diuo
595 1980 746 2022 sanetae
777 1981 964 2033 Virginis
1012 1978 1256 2032 cognomine
1302 1977 1401 2018 infi-

131 2047 246 2098 gnire
281 2043 405 2085 solent
427 2075 439 2095 ‚
472 2055 519 2086 vt
555 2046 736 2099 pretium
772 2046 944 2087 innuant
966 2075 978 2096 ,
1021 2055 1106 2097 quo
1138 2041 1227 2083 illas
1256 2043 1405 2097 prose·

130 2119 321 2167 quantur.
391 2111 627 2164 Aequiuoce
660 2109 752 2152 aliis
783 2108 987 2163 Phengites
1020 2107 1172 2152 dicitur
1196 2139 1209 2161 ‚
1237 2120 1260 2151 a
1278 2106 1408 2151 Grae·

1358 2183 1412 2214 co
