2008 2735
522 211 614 251 412
809 190 909 236 DE
975 191 1528 238 FORMATIONE

524 312 563 353 la
585 343 595 363 ‚
646 308 872 351 rudimenta
924 308 1150 361 digitorum
1173 338 1184 359 ‚
1239 309 1438 349 emittunt
1470 319 1510 350 et
1545 308 1685 350 sensim
1721 307 1793 351 liac

524 377 679 420 ratione
714 371 841 413 adulti
878 373 986 426 pedis
1017 382 1087 412 aut
1119 372 1200 413 alae
1237 373 1415 425 figuram
1450 384 1490 415 et
1533 374 1796 426 organisatio·

523 452 618 482 nem
650 436 863 491 acquirunt
887 468 898 488 ‚
933 448 1012 478 vua
1046 438 1266 490 eademque
1303 441 1478 490 ratione,
1515 453 1583 492 per
1623 441 1794 480 modum

523 517 671 558 nempe
702 502 998 555 vegetationis,
1046 501 1245 554 formari,
1294 516 1374 557 quo
1406 513 1445 543 et
1489 505 1582 544 folia
1639 504 1796 557 planta-

523 580 622 609 rum
657 568 919 617 formantur3
972 566 1088 607 ficuti
1122 565 1231 607 hunc
1262 568 1490 619 generalem
1545 569 1800 609 &marionis

526 633 698 674 modum
753 633 794 672 in
849 631 1010 673 theoria
1069 632 1335 682 generationis
1393 645 1553 687 quoque
1616 633 1796 686 exposui.

525 697 749 751 Nimirum
785 697 917 737 succus
953 696 1093 751 primo
1127 698 1324 737 nutritius
1359 698 1399 737 in
1436 707 1548 752 parte
1585 699 1693 750 prius
1719 698 1803 738 for-

527 773 636 803 mata
677 762 929 815 deponitur,
986 761 1090 801 vnde
1126 759 1223 801 haec
1257 762 1302 802 ad
1334 761 1441 802 hunc
1494 763 1631 802 locum
1689 764 1803 802 intu-

528 827 697 878 mescit,
754 826 862 879 quod
898 825 1152 868 tuberculum
1188 827 1374 880 primum
1410 837 1538 866 nouae
1572 826 1697 879 partis
1731 837 1804 864 ru-

530 892 766 933 dimentum
804 892 866 932 est.
970 890 1046 931 Iste
1080 891 1213 931 succus
1246 890 1387 932 sensim
1423 891 1464 930 in
1499 890 1667 931 solidam
1716 890 1806 930 sub-

530 955 715 997 stantiam
750 954 1010 994 conuertitur
1033 983 1045 1003 ,
1080 953 1284 1006 simulque
1319 955 1436 995 nouis
1469 955 1592 996 succis
1626 955 1806 995 nutritiis

533 1017 826 1058 transcuntibus
859 1017 901 1056 in
935 1029 980 1056 ea
1021 1016 1273 1058 iolidesceute
1325 1019 1532 1059 substantia
1583 1019 1672 1059 vasa
1726 1021 1809 1060 sor-

538 1090 719 1122 mantur.
788 1079 853 1121 Sic
887 1091 989 1119 noua
1025 1091 1114 1132 pars
1146 1081 1410 1131 organisatur.
1484 1083 1597 1121 Tum
1631 1083 1710 1134 ipfii
1744 1085 1810 1121 iu·-

538 1144 641 1197 cipit
673 1156 742 1197 per
778 1143 940 1184 succum
964 1174 974 1194 ‚
1022 1144 1069 1183 ad
1104 1145 1216 1184 varia
1255 1143 1338 1183 loca
1386 1143 1614 1197 depositum
1640 1174 1650 1192 ‚
1703 1155 1809 1184 noua

541 1207 744 1249 tubercula
767 1236 778 1256 ‚
852 1219 955 1247 noua
1009 1210 1190 1259 partium
1244 1207 1469 1246 rudimenta
1499 1238 1510 1258 ‚
1576 1209 1809 1260 producere.

538 1272 716 1316 Eaedem
747 1281 848 1322 ergo
884 1271 926 1310 in
959 1270 1200 1311 formatione
1234 1270 1391 1310 alarum
1428 1279 1467 1309 et
1520 1271 1672 1322 pedum
1723 1272 1814 1310 aui-

538 1337 714 1378 malium
751 1344 791 1374 et
826 1333 867 1373 in
905 1335 1172 1386 productione
1209 1336 1388 1388 partium
1426 1334 1654 1388 plantarum
1707 1332 1813 1386 leges

537 1410 706 1451 regnant
733 1429 744 1449 ,
777 1399 998 1452 eademque
1033 1400 1232 1453 principia
1267 1408 1406 1452 agunt.
1504 1398 1657 1439 Verum
1691 1399 1814 1439 scien-

535 1466 635 1506 dum
668 1463 723 1504 est
747 1493 757 1513 ,
791 1464 1068 1505 extremitates
1101 1462 1345 1504 animalium
1383 1475 1461 1503 uon
1497 1473 1627 1517 partes
1659 1462 1733 1503 ess'e
1766 1464 1813 1504 iis

538 1527 725 1584 proprias
746 1558 756 1578 ‚
789 1528 850 1570 sed
886 1540 1061 1581 quarum
1095 1527 1284 1580 analogae
1320 1525 1466 1584 plantis
1498 1539 1659 1581 quoque
1693 1541 1814 1569 com-

540 1604 685 1634 munes
737 1592 862 1643 sunt;
913 1591 975 1633 his
1031 1593 1143 1633 enim
1196 1593 1301 1633 rami
1343 1602 1382 1635 et
1416 1591 1511 1633 folia
1545 1593 1651 1633 idem
1687 1593 1776 1633 sunt
1800 1623 1813 1644 ,

541 1657 649 1711 quod
684 1655 921 1697 animalibus
953 1657 1244 1699 extremitates.
1311 1657 1386 1699 Sed
1416 1655 1479 1696 hic
1514 1656 1560 1696 de
1597 1655 1686 1697 solis
1721 1670 1812 1708 par-

541 1722 645 1762 tibus
698 1719 942 1762 animalium
996 1721 1172 1775 propriis
1224 1724 1357 1764 sermo
1406 1721 1490 1772 est,
1541 1720 1670 1761 veluti
1721 1718 1814 1761 illae

537 1785 628 1826 sunt
648 1817 659 1837 ‚
717 1796 813 1839 quas
845 1796 922 1841 pro
955 1785 1154 1840 exemplis
1193 1787 1372 1840 adduxi,
1420 1786 1623 1828 cerebrum
1649 1817 1660 1837 ‚
1712 1797 1781 1826 cor
1802 1815 1813 1837 ‚

539 1849 721 1891 intestina
757 1858 829 1890 etc.
935 1849 1035 1892 Illae
1070 1863 1171 1905 quae
1209 1852 1356 1906 plantis
1389 1863 1512 1906 aeque
1546 1863 1588 1892 ac
1623 1848 1815 1891 animali-

540 1914 609 1954 bus
642 1925 881 1956 communes
915 1915 1037 1968 sunt,
1071 1917 1218 1957 eodem
1255 1929 1414 1971 quoque
1436 1947 1446 1967 ,
1489 1928 1571 1969 quo
1601 1926 1739 1955 omnes
1774 1915 1815 1956 in

536 1978 684 2032 plantis
714 1988 871 2032 parteS,
908 1980 1030 2022 modo
1063 1982 1124 2024 for
1144 1990 1322 2024 mantur·
1400 1981 1494 2022 Istae
1530 1992 1628 2022 vero
1660 1989 1819 2034 partes,

535 2054 636 2095 quae
672 2055 798 2097 neque
832 2057 929 2086 cum
964 2042 1142 2098 partibuS
1186 2045 1475 2099 vegetabilium
1499 2077 1509 2096 ‚
1553 2057 1680 2099 neque
1715 2045 1817 2083 inter

542 2108 578 2149 se
611 2107 710 2165 ipsas
741 2110 926 2163 quicquid
957 2122 1182 2154 commune
1215 2111 1394 2165 habeut,
1434 2110 1625 2164 singulari
1655 2117 1816 2210 quopue

1757 2181 1816 2210 iu-
