2008 2735
514 195 603 234 312
706 178 805 222 DE
873 174 1560 219 ELECTRICITATE

520 310 666 351 ponere
705 294 794 348 quis
827 291 951 333 vellet
976 322 986 342 ,
1021 301 1090 344 per
1128 290 1357 331 frictionem
1386 321 1396 341 ‚
1431 302 1551 344 quam
1586 291 1787 335 ascendens

520 362 746 402 niseni-ius
797 366 990 407 exercet,
1042 356 1174 396 denuo
1223 354 1529 395 electricitatem
1585 356 1790 409 produci,

521 428 683 465 euidens
735 435 866 464 tamen
914 421 968 462 est
1016 419 1173 460 nullam
1226 421 1370 460 <xinde
1425 420 1559 461 lucem
1596 422 1789 475 progigni

522 490 636 544 poste.
705 488 926 528 Ascendens
959 485 1070 526 enim
1109 488 1368 537 mercurius,
1418 487 1524 538 parti
1573 485 1615 525 in
1665 498 1791 539 quam

520 554 747 594 frictionem
782 552 960 593 exercuit
982 581 993 601 ,
1044 549 1150 590 arcte
1185 549 1314 590 statim
1363 549 1589 605 adplicatur
1611 583 1622 603 ‚
1673 561 1793 604 atque

520 618 728 669 contiguus
762 615 836 670 ipsi
874 623 1010 656 manet
1035 645 1046 665 ,
1079 616 1183 655 vnde
1219 615 1388 654 materia
1419 613 1603 656 clestrica
1639 615 1793 655 imme-

519 684 623 723 diate
658 695 709 723 ex
747 683 857 722 vitro
889 683 931 722 in
970 681 1224 720 mercurium
1247 708 1258 729 ‚
1293 691 1335 719 ac
1371 680 1538 733 proinde
1569 680 1649 721 sme
1685 681 1792 732 luce,

523 747 687 788 transire
722 747 861 801 potest.
938 746 1057 786 Aliae
1090 745 1200 784 enim
1233 742 1351 795 longe
1386 742 1452 784 hic
1487 748 1578 786 sunt
1613 747 1794 786 circum-

520 813 707 863 stantiae,
757 824 879 865 quam
917 810 957 850 in
992 809 1169 850 descensu
1206 809 1434 861 mercurii,
1483 810 1550 850 vbi
1588 809 1667 862 ipse
1703 822 1796 864 par-

519 887 734 929 romeam,
768 877 810 916 in
843 887 967 929 quam
998 874 1227 915 frictionem
1262 874 1443 914 exercuit
1463 904 1475 926 ‚
1517 874 1701 928 protinus
1733 887 1798 914 re-

521 941 705 994 linquit,
755 939 806 979 sic
859 950 907 979 vt
960 939 1133 979 fluidum
1170 937 1406 979 clestricum
1442 951 1521 979 non
1558 938 1796 979 immediate

525 1005 567 1044 in
605 1004 855 1044 mercurium
893 1002 1058 1041 transire
1091 1011 1207 1055 queat
1232 1032 1243 1052 ‚
1293 1003 1352 1043 sed
1395 1013 1441 1044 vt
1493 1015 1563 1057 per
1615 1015 1794 1044 vacuum

524 1068 733 1108 transssuat
756 1098 766 1117 ‚
796 1076 975 1118 cogatur.

673 1165 706 1214 ξ.
750 1172 817 1211 15.
872 1161 955 1202 Huc
1007 1162 1159 1201 ratione
1212 1159 1254 1200 in
1307 1159 1627 1212 generosioribus
1677 1169 1796 1214 atque

523 1227 757 1278 diligentius
788 1226 1025 1267 construeris
1061 1225 1298 1265 barometris
1333 1224 1559 1265 lucentibus
1595 1236 1655 1262 res
1703 1238 1800 1277 pro·

521 1291 629 1333 cedit
650 1322 660 1340 ‚
692 1303 736 1330 ea
768 1291 903 1339 enim,
937 1303 1035 1343 quae
1057 1321 1067 1340 ‚
1108 1289 1207 1328 dum
1242 1288 1413 1328 ascendit
1450 1287 1489 1326 iu
1527 1286 1618 1340 ipsis
1640 1299 1803 1327 mercu-

524 1355 625 1406 rius,
659 1355 788 1394 lucem
823 1355 973 1403 edunt,
1008 1365 1058 1393 ex
1095 1353 1232 1392 minus
1266 1351 1538 1404 perfeetorum
1572 1351 1659 1391 sunt
1677 1350 1799 1393 classe.

525 1420 613 1460 Hoc
648 1432 795 1472 nempe
833 1418 1172 1472 phaenomenon,
1226 1428 1305 1456 non
1349 1415 1419 1455 nisi
1464 1417 1504 1456 in
1553 1416 1602 1455 iis
1654 1416 1799 1469 depre-

520 1485 716 1526 henditur
741 1515 751 1535 ‚
801 1496 901 1537 quae
957 1483 1002 1524 ab
1051 1483 1143 1522 :t‘e‘re
1185 1493 1265 1522 non
1301 1479 1469 1522 sollicite
1501 1481 1590 1522 fiitis
1625 1491 1797 1534 purgata

523 1551 623 1592 sunt.

678 1647 709 1695 ξ.
749 1648 818 1684 16.
857 1642 999 1684 Sumus
1033 1655 1228 1697 namque,
1261 1653 1307 1683 vt
1339 1642 1462 1683 huius
1494 1642 1550 1681 rei
1585 1641 1689 1683 ratio
1727 1655 1797 1695 pa-

530 1721 642 1762 teat,
694 1712 733 1750 in
784 1710 1015 1750 summitate
1065 1709 1283 1750 barometri
1309 1741 1319 1759 ,
1374 1706 1475 1748 aeb
1506 1706 1657 1760 aliquid
1692 1709 1796 1747 :1'e'ris

527 1777 731 1830 reperiri,
784 1785 901 1828 atque
937 1777 1070 1825 negari
1107 1774 1273 1828 quidem
1311 1774 1481 1826 nequit,
1532 1772 1570 1810 in
1616 1773 1796 1813 descensu

526 1842 741 1882 columnae
779 1839 1029 1880 mercurialis
1063 1851 1187 1893 :leque
1223 1844 1366 1880 fortem
1412 1837 1579 1889 produci
1635 1837 1799 1877 electri-

527 1909 690 1948 citatem
714 1937 724 1952 ,
759 1919 800 1946 :ic
839 1907 878 1945 iu
914 1904 1145 1945 barometro
1181 1904 1338 1958 penitus
1373 1903 1463 1940 n'e're
1499 1915 1626 1942 vacuo
1652 1934 1662 1954 ‚
1706 1914 1801 1942 mo·

526 1977 578 2016 do
612 1970 785 2023 reliquae
822 1971 1143 2011 circumstantiae
1176 1979 1316 2008 omnes
1371 1965 1446 2006 siut
1497 1967 1655 2008 eaedem
1680 1998 1690 2018 ,
1743 1967 1797 2008 ast

527 2035 680 2085 aequali
719 2037 841 2085 gradu
878 2035 1072 2091 produc‘ta
1106 2033 1375 2083 elestricitas,
1420 2045 1498 2072 non
1535 2045 1655 2086 aeque
1688 2031 1799 2070 viui-

526 2104 617 2143 dam
656 2111 830 2154 Vtroque
862 2103 948 2142 casu
986 2100 1209 2157 procreabit
1242 2099 1390 2140 lucem.
1485 2099 1573 2140 Aer
1620 2105 1764 2146 nempe
1788 2125 1798 2144 ,

529 2175 537 2178 “
1709 2168 1796 2198 tan-
