2008 2735
332 633 524 683 prlicatio.

553 186 646 238 466
839 174 942 225 DE
1007 176 1569 227 FORMATIONE'

547 297 676 344 ducta.
774 294 912 350 Atque
951 293 1057 339 'haec
1090 296 1172 351 ipsa
1206 296 1333 340 ssmul
1367 298 1597 341 membrana
1627 329 1637 350 ,
1680 306 1724 340 ea
1759 309 1822 342 ra·

551 372 663 403 tione
699 362 884 413 traCtata,
915 368 1067 404 verum
1103 362 1279 405 intestini
1314 364 1411 405 rech
1451 364 1727 417 primordium
1750 367 1828 418 est,

550 429 613 469 vti
667 428 808 479 vagina
860 425 1183 480 capitis*filnili
1232 428 1355 470 molo
1419 429 1528 469 intus
1594 430 1790 483 producta
1820 462 1831 482 ‚

549 492 861 543 ventriculum,
911 500 952 532 et
1003 492 1143 532 sutura
1193 492 1429 535 intestinum
1483 494 1666 535 medium
1729 507 1828 536 con·

552 557 693 598 stituit.

703 622 736 671 §.
770 631 845 668 72.
908 618 1086 663 Foueola
1135 632 1235 674 ergo
1286 621 1460 664 intestini
1505 622 1600 663 resti
1651 626 1830 678 primor-

552 688 668 728 dium
704 686 980 740 repraesentat.
1048 684 1123 728 Sel
1158 696 1204 727 vt
1241 686 1497 739 intelligatur
1520 718 1530 737 ,
1583 702 1663 742 quo
1711 691 1832 729 niolo

552 753 752 794 eiusmodi
788 753 901 792 fouea
925 781 937 801 ,
987 751 1105 792 cuius
1138 751 1316 793 ambitus
1349 759 1389 793 ct
1423 765 1493 793 ora
1529 752 1645 794 latior
1670 786 1679 804 ,
1740 755 1833 794 fun-

552 817 624 857 dus
675 816 880 868 angustior
931 817 1017 867 est,
1067 817 1304 859 intestinum
1357 816 1509 857 rectum
1547 822 1837 872 repraesentare

555 881 706 935 possit,
756 890 797 922 et
834 892 908 935 pro
938 893 988 921 eo
1021 882 1213 933 agnosci,
1264 882 1424 935 primus
1459 884 1604 933 integri
1658 884 1835 924 intestini

555 945 654 985 recti
686 945 806 985 status
836 953 950 984 antea
985 945 1258 986 describendus
1291 946 1356 986 cst.
1421 946 1503 987 Die
1538 948 1684 988 scilicet
1715 950 1835 1001 quiti-

558 1018 602 1048 to
627 1038 637 1058 ‚
680 1010 778 1048 dum
816 1007 1049 1048 intestinum
1088 1010 1354 1061 primitiuum
1391 1010 1599 1062 integrum
1636 1013 1800 1065 quidem
1825 1044 1836 1063 ‚

557 1071 619 1112 sed
651 1070 782 1111 breuis
821 1078 860 1110 et
896 1070 1068 1124 ssmplex
1102 1073 1234 1112 rec‘tus
1266 1072 1411 1112 canalis
1469 1076 1602 1114 exiliit
1626 1105 1635 1122 ‚
1688 1077 1839 1115 intesti-

561 1147 664 1175 num
702 1135 860 1175 rectum
895 1137 982 1176 eius
1017 1148 1106 1190 pars
1138 1137 1191 1177 est
1227 1138 1390 1176 inferior
1415 1167 1425 1181 ,
1478 1137 1568 1188 scd,
1620 1150 1741 1189 aeque
1795 1151 1837 1179 :ic

559 1194 845 1248 ventriculus,
897 1211 990 1252 prae
1026 1194 1186 1251 reliquo
1220 1200 1464 1238 intermedio
1497 1200 1593 1238 tubo
1628 1196 1743 1240 valde
1776 1205 1839 1242 di-

560 1261 683 1303 latata
708 1293 718 1313 ,
752 1263 848 1302 adeo
870 1292 881 1313 ,
916 1271 963 1303 vt
999 1275 1074 1315 pro
1107 1259 1300 1315 fingulari
1338 1260 1463 1301 huius
1500 1263 1583 1302 tubi
1620 1271 1729 1316 parte
1752 1296 1763 1315 ,
1796 1269 1836 1305 et

562 1338 639 1382 pro
672 1327 860 1368 intestino
894 1325 1003 1368 recto
1032 1324 1143 1368 facile
1197 1329 1441 1379 agnoscatur.
1545 1327 1632 1367 Hoc
1684 1330 1838 1370 intesti-

561 1404 664 1432 num
700 1391 859 1433 rectum
895 1391 1037 1432 eodem
1070 1400 1255 1445 tempore
1277 1421 1289 1443 ‚
1339 1391 1405 1432 die
1455 1393 1601 1445 quinto
1623 1422 1633 1441 ‚
1684 1394 1839 1434 duobus

561 1455 780 1497 tuberculis
817 1456 855 1496 in
894 1458 1078 1510 suprema
1112 1457 1168 1497 sui
1207 1466 1318 1511 parte
1352 1456 1495 1509 gaudet
1518 1487 1529 1506 ‚
1575 1468 1673 1510 quae
1704 1471 1842 1501 caeco-

562 1533 659 1562 rum
695 1520 891 1575 principia
927 1523 1017 1562 sunt
1052 1530 1091 1561 et
1125 1520 1296 1563 successu
1333 1521 1532 1576 temporis
1569 1521 1685 1562 valde
1726 1522 1842 1564 elon-

561 1595 722 1638 gantur.
791 1585 901 1627 Cum
955 1585 1030 1626 hoc
1073 1586 1203 1638 igitur
1237 1586 1424 1628 intestino
1448 1616 1459 1637 ‚
1491 1586 1839 1640 quemadmodum

562 1651 627 1694 die
662 1651 808 1703 quinto
841 1660 1040 1703 apparet,
1096 1651 1253 1692 foueola
1322 1651 1450 1693 nostra
1508 1650 1838 1694 infundibulifor-

564 1715 644 1756 mis
679 1715 769 1754 satis
804 1715 886 1755 iam
921 1715 1148 1768 conuenit,
1199 1726 1246 1757 vt
1280 1728 1331 1756 ex
1367 1716 1497 1769 figura
1527 1724 1568 1756 et
1611 1715 1750 1756 habitu
1801 1726 1842 1759 et

564 1781 778 1834 praecipue
810 1786 859 1820 ex
895 1782 1144 1822 connexione
1176 1793 1275 1822 cum
1310 1782 1446 1822 sutura
1468 1811 1478 1830 ‚
1509 1792 1611 1834 quae
1646 1782 1685 1820 in
1721 1781 1838 1822 illam

564 1845 811 1896 continuat,
859 1857 961 1898 quae
1013 1846 1189 1887 intestini
1244 1847 1368 1889 medii
1420 1845 1698 1899 primordium
1753 1847 1842 1898 est,

569 1906 685 1948 facile
720 1910 995 1959 cognoscatur.
1094 1910 1168 1953 Sed
1204 1909 1511 1964 phaenomena,
1564 1924 1666 1965 quae
1720 1923 1845 1965 appa-

569 1982 692 2021 rent,
742 1972 850 2013 bulla
904 1974 1094 2025 dissecta,
1147 1977 1364 2016 veritatem
1415 1976 1620 2017 euidenter
1671 1976 1843 2016 demon-

572 2034 700 2076 strant.
803 2038 862 2079 Ea
910 2049 1048 2080 autem
1082 2041 1123 2081 in
1157 2042 1278 2081 tertia
1310 2038 1588 2081 dissertationis
1623 2050 1735 2094 parte
1768 2052 1843 2080 ex-

571 2110 782 2153 ponentur.

1696 2167 1728 2217 §-
1766 2177 1836 2217 73·
