2008 2735
572 199 663 245 47⁶
859 187 959 230 DE
1027 186 1576 232 FORMArroNE

573 316 645 346 nae
676 304 771 347 inest
793 334 804 355 ‚
845 311 958 357 parte
992 313 1091 344 veto
1127 304 1416 357 supracardiaca
1451 304 1569 345 libera
1606 305 1642 344 ci
1678 306 1839 345 incum-

575 370 644 409 bit.
712 368 791 409 Die
822 379 920 420 ergo
954 368 1115 408 secundo
1153 368 1284 422 prima
1320 368 1442 409 huius
1479 370 1730 409 membranae
1777 369 1842 407 in·

576 433 689 474 flatio
721 444 760 473 et
795 433 962 485 proinde
995 431 1124 472 bullae
1159 434 1351 474 formatio
1387 435 1542 487 incipit.
1642 433 1842 483 Interim,

575 498 667 539 licct
699 498 745 538 de
778 495 883 538 bulla
917 496 996 549 ipsa
1031 493 1138 537 nihil
1171 497 1337 538 existere
1369 498 1516 551 pollit,
1571 507 1706 538 tamen
1767 496 1843 536 ali-

576 573 653 616 qua
674 562 759 616 ipso
793 562 932 615 primo
965 560 1047 611 die,
1079 570 1119 601 et
1154 561 1258 601 inter
1294 562 1425 615 prima
1456 562 1689 614 embryonis
1723 559 1843 614 phae-

578 639 777 678 nomena,
811 625 942 666 bullae
973 625 1227 666 adumbratio
1258 625 1359 666 circa
1410 627 1564 679 spinam
1615 624 1808 666 dorlalem
1834 655 1844 674 ,

579 693 768 745 primum
803 690 1035 741 embryonis
1070 690 1350 730 rudimentum
1373 720 1385 742 ,
1417 699 1590 743 apparet.
1659 689 1846 739 Oblonga

579 766 622 795 ea
656 768 744 796 area
777 755 832 796 est
854 786 865 806 ,
896 754 1130 806 embryonis
1164 754 1398 796 rudimento
1440 753 1672 796 conformis.
1776 752 1847 793 Est

581 829 718 861 autem
751 818 847 860 haec
890 818 1144 860 adumbratio
1195 817 1300 859 nihil
1347 820 1489 870 aliud,
1539 831 1659 874 quam
1711 827 1848 856 mem-

579 884 720 925 branae
756 896 846 938 pars
880 883 1097 936 embryoni
1131 884 1321 937 proxima
1346 913 1357 932 ,
1409 883 1542 938 aliqua
1590 881 1759 924 crassitie
1809 889 1851 920 et

582 947 761 989 mollitie
783 979 794 998 ,
828 949 1002 1000 adeoque
1037 949 1181 988 maiori
1215 949 1436 1001 opacitate,
1471 961 1491 988 a
1524 946 1678 1001 reliqua
1715 957 1852 985 mem-

584 1011 702 1050 brana
727 1041 737 1060 ,
773 1011 815 1050 in
847 1022 980 1050 aream
1014 1009 1258 1062 pellucidam
1293 1012 1449 1051 extensa
1472 1043 1482 1061 ‚
1516 1012 1552 1051 se
1584 1011 1854 1062 distinguens,

585 1085 685 1127 quae
718 1073 849 1113 bullae
884 1073 1061 1123 figuram
1112 1074 1323 1125 exprimit.
1424 1073 1566 1114 Bullae
1616 1074 1854 1114 delineatio-

585 1149 681 1178 nem
715 1145 755 1177 et
788 1136 883 1177 adeo
918 1136 1199 1189 primordium
1235 1148 1329 1176 vere
1361 1135 1434 1177 csse
1455 1167 1465 1185 ,
1516 1133 1615 1176 hanc
1652 1135 1853 1175 membra-

587 1213 659 1240 nae
693 1209 850 1252 partcm
874 1230 884 1250 ,
918 1209 1084 1239 euentus
1118 1198 1289 1246 docuit;
1329 1207 1369 1236 et
1405 1202 1560 1244 fateor,
1616 1198 1692 1238 hoc
1727 1199 1854 1249 phae-

586 1275 789 1304 nomenon
824 1263 1043 1303 admodum
1079 1261 1328 1303 euolutiouis
1372 1257 1587 1313 hypothesi
1619 1261 1749 1300 fauere
1771 1260 1854 1299 mi-

586 1324 629 1366 hi
669 1327 803 1367 visum
838 1327 943 1377 effe,
994 1339 1090 1366 cum
1118 1357 1130 1377 ,
1179 1337 1262 1379 quo
1295 1333 1481 1378 tempore
1515 1323 1562 1364 de
1602 1335 1696 1364 vcra
1747 1323 1855 1365 bulla

589 1389 693 1430 nihil
731 1390 835 1431 adest
856 1423 867 1441 ‚
900 1394 986 1431 eius
1021 1401 1157 1430 tamen
1191 1389 1356 1441 figura,
1406 1390 1571 1442 eiusque
1604 1387 1712 1441 quasi
1749 1389 1856 1429 ima-

588 1465 643 1506 go
675 1455 722 1495 ad
755 1456 894 1496 locum
926 1457 1232 1498 conuenientem
1265 1452 1458 1494 delineata
1493 1452 1706 1507 speciatur,-
1738 1466 1856 1508 prae·

587 1521 707 1572 cipue
731 1552 741 1571 ‚
773 1533 867 1561 cum
897 1532 937 1561 et
973 1521 1147 1560 aliarum
1181 1519 1362 1574 partium
1397 1518 1712 1560 adumbratione-s
1745 1529 1855 1560 enus-

591 1585 720 1635 modi,
752 1597 866 1625 verae
900 1599 1041 1626 earum
1076 1585 1306 1625 existentiae
1341 1583 1588 1636 praemiffaS,
1623 1584 1703 1623 iam
1723 1583 1854 1624 obser·

591 1649 790 1688 vauerim.
856 1651 1056 1691 Omnibus
1090 1659 1222 1691 tamen
1257 1650 1467 1701 reputatis,
1492 1647 1559 1689 illa
1577 1645 1854 1700 phaenomena

591 1722 631 1752 ct
666 1712 862 1766 explicari
898 1714 1088 1769 poss'unt,
1125 1724 1166 1754 et
1201 1711 1307 1754 nihil
1339 1714 1388 1754 de
1421 1712 1654 1755 euolutionc
1689 1712 1855 1765 probare

592 1777 890 1829 intelliguntur.
989 1779 1188 1821 Craffities
1241 1776 1363 1818 huius
1415 1779 1536 1832 partis
1571 1776 1853 1827 membranae,

592 1853 668 1894 qua
703 1841 811 1883 bulla
848 1844 1047 1885 mentitur
1069 1875 1080 1895 ‚
1130 1857 1150 1885 a
1181 1841 1399 1896 copiosiori
1433 1843 1587 1884 affluxu
1627 1840 1854 1882 humorum

590 1905 637 1945 ad
673 1904 769 1947 hanc
806 1919 961 1962 partem
985 1941 996 1960 ‚
1047 1909 1114 1950 cui
1150 1907 1324 1959 embryo
1363 1908 1458 1949 inest
1480 1939 1490 1958 ,
1541 1906 1711 1961 pcudct3
1764 1906 1854 1947 inde

592 1967 657 2008 hic
694 1969 804 2010 locus
841 1972 968 2023 magis
1003 1973 1188 2014 nutritur
1221 1982 1263 2012 et
1297 1971 1491 2013 crassescit.
1561 1971 1751 2023 Cumque
1783 1981 1856 2009 ve·

592 2044 633 2071 ra
688 2033 818 2075 bullae
871 2035 1024 2078 inflatio
1075 2038 1119 2078 ab
1169 2036 1490 2078 accumulatione
1540 2035 1710 2089 liquoris
1752 2036 1855 2075 inter

594 2105 810 2152 vtramquc
841 2112 949 2140 arcae
983 2102 1260 2143 membranam
1294 2114 1421 2158 prope
1452 2101 1720 2153 embryonern
1755 2109 1857 2149 pcn-

1745 2160 1858 2210 ἀραῖς
