2008 2735
468 139 1093 185 TORMAYER,
1325 160 1414 199 343

147 262 217 309 tis,
249 269 268 296 a
306 267 372 296 me
409 254 449 294 in
485 253 586 295 hanc
619 265 708 294 rem
746 252 937 294 institutis
970 256 1258 298 omnimodam
1293 258 1418 300 fidem

145 326 348 366 haberem.

301 384 452 428 Omnia
490 382 582 426 haec
617 382 829 423 ratiocinia
864 381 909 421 ad
945 394 1178 433 magnetem
1218 386 1424 439 transtuli,

145 468 194 498 eo
226 455 391 508 quidem
425 461 520 488 cum
556 448 689 489 fruCtu
715 479 726 498 ‚
781 458 828 489 vt
863 459 969 487 noua
1007 448 1287 501 phaenomena
1332 466 1422 493 ma-

146 521 300 573 gnetica
354 514 464 556 varia
489 545 500 565 ,
548 513 745 554 elecsstricis
795 510 992 564 analoga,
1045 514 1086 553 in
1139 515 1245 557 Tenc.
1286 516 1421 558 Theor.

147 584 290 627 Elem.
322 590 361 621 et
398 580 535 634 Magn.
573 590 663 632 pag.
704 590 756 626 15
769 587 805 626 3.
855 581 934 632 [qq.
986 580 1175 621 recensita
1198 612 1208 631 ‚
1260 581 1425 635 detege-

145 662 233 691 rem
257 681 268 700 ‚
302 647 356 688 ast
389 646 520 700 quoad
555 644 806 685 functionem
840 643 1045 685 actionum
1082 646 1429 699 magneticarum,

146 714 253 755 mihi
308 711 381 765 ipsi
435 724 514 751 non
567 711 737 762 magis,
788 719 912 764 quam
945 711 1076 763 quoad
1110 711 1423 755 electricitatem

144 780 362 821 satibfacere
399 777 528 828 potui.

299 841 410 883 Cum
446 841 579 894 itaque
614 838 720 879 mihi
756 850 835 879 non
871 838 1069 890 licuerit,
1115 841 1285 882 arduam
1322 840 1428 883 hanc

143 908 415 963 quaestionem
449 906 650 953 enodare,
683 902 855 944 dubium
891 904 1095 956 superest,
1144 918 1245 945 anne
1280 905 1428 953 Μαγε-

144 976 256 1014 riona
311 969 448 1021 regula
503 980 595 1008 vera
649 965 732 1018 fit,
785 967 903 1006 cuius
938 968 1103 1020 quidem
1138 969 1325 1009 validum
1357 968 1427 1008 vi·

143 1037 228 1076 deri
266 1035 392 1086 potest
428 1039 723 1081 argumentum
746 1058 758 1079 ,
795 1031 904 1082 quod
936 1030 1196 1083 perhibeatur
1231 1035 1275 1074 in
1312 1034 1432 1075 nouis

139 1098 362 1147 litet-ariis,
397 1093 737 1147 Gottingetfihus‚
790 1098 1014 1137 tentamina
1061 1097 1165 1137 circa
1216 1100 1428 1153 quantita-

139 1172 226 1204 tem
279 1162 376 1211 vis,
425 1173 504 1213 qua
540 1170 744 1209 magnetes
778 1160 1098 1216 parallelipipedi
1135 1163 1171 1203 se
1214 1162 1430 1206 attrahunt

140 1238 211 1268 aut
244 1225 489 1278 repellunt,
538 1235 558 1262 a
594 1222 797 1265 Celeberr.
843 1223 1009 1276 quero
1059 1227 1274 1278 instituta,
1328 1241 1428 1270 cum

140 1289 393 1334 consectariis
422 1285 570 1330 calculi
605 1299 683 1340 ope
715 1299 767 1329 ex
801 1286 956 1331 theoria
990 1290 1170 1332 dedue'tis
1191 1321 1203 1341 ,
1265 1293 1429 1346 penitus

141 1353 428 1398 consentientia
463 1349 702 1407 deprehensa
738 1351 859 1394 fuine.
961 1354 1053 1395 Etfi
1107 1364 1246 1395 autem
1301 1354 1429 1398 fidem

142 1419 202 1462 ill.
234 1420 352 1471 viri,
387 1418 504 1456 cuins
541 1416 786 1457 memoriam
825 1428 998 1460 veneror
1019 1450 1030 1470 ,
1066 1418 1108 1458 in
1140 1419 1311 1460 dubium
1347 1433 1430 1463 non

143 1496 333 1528 reuocem
354 1514 365 1533 ,
400 1482 563 1523 asserere
598 1491 732 1522 tamen
769 1482 928 1535 possum
953 1515 964 1534 ‚
1013 1485 1309 1537 experientiam
1345 1484 1432 1538 hy-

143 1548 376 1608 pothefibus
411 1546 533 1601 ipsius
570 1548 731 1599 penitus
766 1547 840 1587 effe
872 1549 1133 1590 contrariam.

299 1615 443 1657 Primo
476 1612 609 1653 statim
645 1611 736 1653 loco
756 1643 768 1663 ,
796 1624 880 1667 quo
912 1623 1104 1667 appareat
1139 1612 1231 1653 iure
1265 1625 1334 1653 me
1373 1613 1431 1655 ita

145 1691 263 1732 agere
285 1710 297 1730 ‚
350 1677 656 1734 phaenomenon
699 1677 924 1730 producere
958 1677 1116 1732 possum
1142 1709 1154 1729 ‚
1202 1678 1319 1720 cuius
1352 1679 1432 1720 fre-

147 1756 273 1797 quens
307 1745 348 1785 in
384 1741 652 1795 physicorum
689 1743 849 1796 scriptis
878 1744 1039 1785 mentio
1072 1742 1433 1797 iniicitur‚quod-

147 1820 227 1861 que
250 1839 262 1858 ‚
307 1807 335 1848 fi
367 1807 455 1862 quis
485 1810 533 1850 de
569 1807 652 1860 ipso
684 1806 874 1857 dubitet,
926 1806 983 1846 ita
1018 1818 1301 1861 comparatum
1336 1807 1392 1848 est
1418 1837 1432 1860 ,

149 1882 199 1913 vt
236 1872 413 1913 minimo
447 1873 615 1927 negotio
648 1883 830 1926 repetere
862 1871 1004 1925 quiuis
1037 1873 1139 1913 istud
1170 1902 1182 1923 ,
1232 1873 1350 1926 seque
1383 1873 1434 1914 de

148 1938 322 1977 veritate
380 1936 504 1990 ipsius
553 1938 795 1980 conuincere
844 1946 1001 1991 queat,
1055 1937 1165 1992 quod
1197 1949 1300 1979 vero
1334 1950 1431 1981 cum

149 2000 370 2056 hypothesi
408 2000 638 2054 Mayeriana
673 2016 752 2045 non
787 2002 920 2044 solum
952 2015 1033 2044 non
1077 2001 1288 2048 conciliari
1334 2013 1434 2061 pot-

147 2066 202 2109 est
223 2097 236 2121 ‚
268 2068 344 2111 sed-
367 2066 496 2111 etiam
528 2069 691 2127 penitus
722 2069 852 2128 ipsam
885 2067 1047 2131 refellit.¹

1333 2130 1434 2177 Bini
