2008 2735
273 206 358 251 DE
396 201 702 247 TELESCOP.
736 199 912 258 QVAT.
949 199 1243 243 LENTIVM.
1315 211 1400 250 225

283 333 324 362 2.
360 319 509 374 Nuper
540 327 678 361 autem
711 317 753 355 in
787 315 939 367 Anglia
972 315 1036 355 his
1069 315 1294 369 telescopiis
1346 326 1398 355 ex

129 393 306 441 quatuor
341 385 512 425 lentibus
550 379 785 435 compositis
835 381 1024 434 quintam
1080 379 1231 421 lentem
1282 391 1402 433 atqu:

130 454 228 492 adeo
264 463 363 492 mox
397 451 546 490 sextam
578 447 808 488 adiecerunt
832 477 843 496 ,
885 445 1036 500 hacque
1072 447 1250 486 lentium
1288 443 1403 485 mul-

133 515 384 571 tiplicatione
417 513 588 566 insignia
622 512 840 553 commoda
874 511 1049 552 obtiaitri
1086 511 1191 564 posse
1218 511 1403 551 animad-

132 589 371 630 verterunt,
404 579 506 619 dum
544 591 623 619 non
657 575 790 618 solum
827 589 996 631 campus
1031 575 1269 629 conspicuus
1290 574 1405 614 mul-

134 657 177 687 to
211 645 339 697 magis
369 644 593 698 ampliari,
639 644 703 684 scd
737 642 864 682 ctiam
897 641 1204 697 repraesentatio
1238 654 1258 681 a
1292 640 1405 680 colo·

132 712 239 752 ribus
277 710 389 750 iridis
423 711 584 764 penitus
616 706 776 748 liberari
834 717 1004 760 poterat.
1102 704 1211 747 Cum
1264 716 1403 746 autem

130 775 210 817 sola
243 775 492 829 experientia
528 773 639 815 due'ti
676 771 784 811 hunc
821 773 1072 827 perfeetionis
1104 773 1277 823 gradun
1327 770 1405 812 suit

131 840 298 894 adepti,
349 852 476 894 neque
530 837 615 879 vlla
670 837 851 878 Theoria
905 838 945 877 in
998 835 1216 878 iu'ofidium
1262 845 1401 877 vocata

131 905 337 954 videatur,
371 904 538 945 nullum
573 903 625 944 cst
655 902 841 953 dubium,
875 904 973 956 quin
1009 902 1103 945 hacc
1123 905 1261 943 eadem
1287 914 1403 943 com·

131 969 251 1009 moda
303 969 496 1009 beneficio
548 966 750 1007 Theoriae
799 967 972 1017 augeri,
1039 976 1158 1017 atque
1208 966 1304 1003 adeo
1354 966 1402 1005 ad

134 1034 367 1074 maximum
418 1033 594 1084 gradum
619 1060 630 1081 ,
664 1040 789 1083 quem
824 1029 991 1082 quidem
1028 1038 1171 1070 natura
1205 1028 1405 1079 admittit,

127 1096 248 1137 euehi
281 1104 442 1149 queant.

280 1171 321 1209 3.
357 1160 509 1202 Veram
544 1169 681 1203 autem
716 1160 754 1205 T
759 1160 972 1216 beotiam,
1007 1165 1075 1205 cui
1109 1162 1303 1206 omnium
1337 1163 1403 1204 in-

135 1225 461 1267 strumentorum
496 1227 801 1283 dioptricorum
839 1239 923 1271 tam
946 1230 1260 1283 telcscopiorum
1278 1240 1405 1281 quam

133 1288 506 1343 Microscopiorum
541 1293 788 1335 construetio
822 1294 1018 1335 innititur
1040 1327 1051 1346 ‚
1087 1295 1126 1334 in
1161 1293 1288 1333 x111.
1316 1291 1405 1331 Vo-

132 1353 294 1396 lumiue
331 1356 534 1396 Astorum
570 1355 811 1397 Academiae
846 1360 996 1410 Regiae
1031 1358 1257 1400 Borufficae
1286 1354 1403 1409 equi-

129 1420 224 1458 dem
263 1418 368 1459 mihi
402 1418 598 1460 tradidisse
634 1421 774 1461 videor
798 1451 809 1471 ,
860 1424 966 1463 vnde
1006 1425 1145 1464 omnia
1171 1456 1182 1474 ,
1219 1433 1320 1476 quae
1353 1419 1403 1461 ad

133 1482 286 1524 horum
322 1485 688 1525 instrumentorum
723 1486 1010 1538 perfectionem
1042 1488 1249 1542 spectant,
1299 1484 1402 1526 hau-

130 1549 205 1588 riri
237 1548 377 1588 debere
410 1550 611 1590 videntur.
681 1550 842 1606 Quanta
877 1553 1004 1602 igitur
1040 1553 1286 1592 incrementa
1308 1550 1403 1591 hinc

133 1624 214 1653 tam
252 1625 330 1666 pro
361 1625 536 1667 quatuor
571 1612 757 1667 lentibu‹‚
788 1627 910 1669 quam
948 1616 995 1656 iis
1029 1617 1193 1671 insuper
1212 1617 1401 1671 quintam

132 1691 174 1718 ac
209 1677 361 1717 sextam
396 1679 616 1720 adiiciendo
639 1710 649 1730 ,
691 1680 836 1734 assequi
867 1681 1013 1732 liceat,
1064 1681 1131 1722 hic
1165 1680 1403 1734 diligentius

133 1742 369 1795 inuestigare
404 1744 604 1785 constitui.
704 1745 752 1786 In
787 1757 870 1798 quo
904 1747 1069 1798 negotio
1104 1758 1152 1786 ne
1191 1748 1232 1787 in
1277 1745 1403 1785 nimis

133 1805 273 1857 longas
305 1809 488 1860 ambages
525 1809 698 1849 incidam
724 1841 734 1860 ‚
789 1820 840 1848 ex
873 1808 962 1850 loco
997 1810 1173 1862 allegato
1205 1809 1367 1851 subsidia
1389 1841 1401 1859 ‚

133 1881 233 1924 quae
266 1880 352 1912 tam
403 1876 447 1914 ati
503 1886 701 1926 campum
753 1873 1126 1927 amplificandum,
1177 1887 1299 1927 quam
1350 1874 1402 1915 ad

130 1935 285 1975 colores
322 1936 431 1976 iridis
464 1938 662 1980 tollendos
715 1940 895 1991 faciunt,
946 1940 1222 1994 depromam,
1273 1951 1403 1995 neque

134 2000 378 2054 principiis,
414 2002 556 2054 quibus
593 2004 828 2045 innituntur
851 2035 861 2055 ,
913 2006 1280 2047 commemorandis
1316 2006 1401 2045 im-

133 2065 334 2106 morabor.
421 2063 485 2106 Dc
527 2065 633 2107 lente
668 2070 791 2110 etiam
827 2066 1024 2110 obicffiua
1061 2069 1299 2124 perficienda
1333 2068 1400 2108 hic

134 2142 213 2171 non
248 2141 317 2168 ero
351 2127 545 2170 sollicitus
567 2162 577 2181 ‚
615 2144 712 2173 cum
751 2135 830 2175 iam
867 2134 1020 2188 fiiepius
1053 2135 1402 2187 docuerim‚quo-

199 2193 736 2239 Tom.XII.Non.Comm.
931 2199 963 2241 F
984 2199 1008 2239 f
1275 2204 1402 2244 modo
