2008 2735
540 227 631 266 554
891 211 1007 254 DE
1072 208 1457 255 GLAC1E

541 329 694 374 Mariae
729 326 901 381 glaciem
935 325 1260 380 proficiscuntur.
1350 328 1622 382 Ynaqziaeque
1665 330 1826 368 societas

542 406 677 436 vnum
711 404 733 432 e
769 393 826 434 sui
867 392 1005 432 medio
1037 391 1154 444 eligit
1176 422 1189 443 ,
1223 394 1290 436 cui
1325 404 1469 434 omncs
1506 393 1634 446 poste-„1
1668 394 1827 434 obedire

543 468 730 500 tenentur
753 488 763 507 ‚
817 455 1207 498 Peredowschtschik
1259 457 1485 512 adpellatur
1526 489 1536 507 ,
1603 459 1671 511 qui
1741 460 1826 499 ioca

543 523 649 564 nosse
683 522 829 574 debet,
880 521 1021 562 omnia
1056 521 1104 561 ad
1139 520 1215 561 iter
1250 534 1347 562 cum
1388 522 1663 563 instrumentis
1698 521 1828 564 ueces-

543 588 641 629 saria
677 599 890 640 procurare
912 616 924 636 ,
980 596 1178 626 nummos
1207 598 1231 625 a
1265 587 1458 627 membris
1491 584 1680 640 colligere
1709 617 1719 636 ,
1779 588 1829 628 iis

546 653 777 706 impetratis
810 648 1068 702 nauigiolum
1094 681 1106 700 ‚
1142 662 1289 704 panem
1319 681 1330 701 ,
1361 663 1519 692 carnem
1543 681 1554 701 ,
1614 654 1828 706 puluerem

547 716 724 772 pyrium
757 727 798 757 et
834 714 989 770 reliqua
1023 715 1212 756 co‘e'mere
1235 745 1247 766 ‚
1302 715 1442 757 omnia
1475 715 1605 756 diario
1652 718 1828 767 inferre3

551 781 740 835 oportuit
775 791 875 831 ergo
897 811 907 830 ,
941 780 1139 820 laboribus
1175 779 1286 833 saepe
1317 777 1485 821 admisse.
1555 780 1633 822 Hic
1665 794 1687 821 a
1718 782 1832 821 sum-

551 847 656 887 tibus
690 855 731 885 et
767 844 901 886 labore
943 845 1145 886 immunis
1166 875 1177 895 ‚
1227 854 1334 885 ortas
1367 846 1471 886 sorte
1506 843 1596 884 lites
1637 846 1797 886 dirimit
1820 875 1833 897 ,

550 908 772 965 priuilegia
806 919 847 950 et
882 910 1068 951 mandata
1102 909 1279 949 societati
1316 918 1506 963 procurat
1526 941 1537 960 ,
1571 922 1619 950 eo
1653 911 1834 963 praesen-

554 984 592 1015 te
615 1005 626 1025 ,
659 975 816 1013 nemini
854 973 988 1014 iurare
1009 1005 1020 1025 ,
1053 973 1120 1014 vel
1152 972 1267 1013 alteri
1307 974 1412 1015 male
1445 974 1576 1014 dicere
1610 975 1705 1016 licet
1726 1005 1738 1026 ,
1778 974 1836 1014 se-

551 1049 623 1079 cus
660 1037 885 1077 mulctatur
906 1068 918 1087 ,
969 1046 1090 1090 atque
1123 1037 1260 1078 reduci
1294 1047 1334 1077 et
1367 1037 1548 1091 querelas
1580 1041 1627 1079 ad
1661 1036 1834 1078 Cancel—

556 1101 704 1142 lariam
739 1100 931 1141 deferenti
965 1099 1064 1140 fides
1103 1098 1318 1139 adhibetur
1369 1101 1535 1151 maior,
1586 1115 1711 1154 quam
1763 1101 1833 1142 alii

554 1168 796 1217 cuicunque.
894 1164 1128 1214 Vnicuique
1165 1161 1290 1202 talem
1332 1162 1512 1202 laborem
1560 1165 1717 1215 defert,
1767 1165 1834 1204 cui

558 1229 743 1269 maxime
802 1226 969 1265 idoneus
1019 1224 1145 1277 ipsius
1197 1223 1356 1264 Iudicio
1406 1225 1598 1264 censetur.
1700 1227 1836 1267 Finita

557 1303 680 1345 opera
713 1288 870 1343 duplici
903 1288 1145 1330 nanciscitur
1180 1296 1293 1342 parte
1315 1317 1327 1339 ‚
1377 1299 1498 1341 quam
1551 1287 1619 1330 P-:ii
1675 1299 1836 1332 vocant.

557 1357 602 1400 Si
638 1355 842 1397 iniustum
876 1353 1102 1409 imperium
1135 1351 1248 1405 geffit
1274 1384 1286 1404 ,
1319 1352 1526 1408 integrum
1560 1354 1614 1395 est
1645 1355 1838 1407 societati,

559 1419 688 1462 illum
747 1421 937 1461 accusare.
1041 1416 1187 1461 Altera
1233 1418 1280 1459 ab
1322 1415 1399 1459 illo
1433 1420 1594 1472 persona
1627 1430 1839 1462 oeconomus

558 1486 614 1527 est
636 1516 649 1537 ‚
690 1484 848 1526 starosta
884 1483 1017 1525 dictus
1039 1515 1050 1537 ‚
1101 1483 1174 1537 qui
1207 1482 1385 1524 diarium
1420 1483 1551 1525 scribit
1573 1514 1584 1535 ‚
1636 1496 1839 1527 nummo-

561 1562 658 1590 rum
694 1561 839 1590 curam
873 1549 993 1590 habet
1018 1581 1029 1601 ‚
1078 1548 1236 1590 sumtus
1278 1557 1527 1603 computat,
1573 1549 1714 1590 omnia
1763 1562 1837 1591 ne-

562 1613 721 1655 cessaria
753 1614 888 1667 emit,
921 1613 1115 1665 custodit,
1149 1613 1400 1666 societatique
1434 1613 1701 1655 determinato
1733 1626 1839 1669 pon-

561 1679 655 1721 dere
688 1686 729 1718 et
764 1679 950 1719 mensura
979 1678 1160 1733 quotidie
1196 1678 1371 1729 largitur
1401 1687 1442 1718 et
1473 1686 1595 1719 notat:
1696 1680 1736 1720 A
1778 1678 1839 1719 la-

563 1743 660 1784 bore
695 1743 893 1784 immunis
926 1743 978 1784 est
1002 1774 1014 1794 ,
1056 1754 1180 1784 vnam
1219 1742 1450 1796 portionem
1482 1741 1551 1784 Pai
1586 1742 1731 1796 accipit
1751 1773 1762 1793 ,
1795 1751 1838 1784 et

564 1808 734 1860 eligitur
756 1837 769 1858 ‚
804 1809 920 1849 cuius
949 1807 1045 1850 fides
1068 1839 1080 1858 ‚
1113 1806 1297 1848 sobrietas
1318 1839 1330 1859 ,
1369 1807 1555 1848 scribendi
1590 1816 1630 1846 et
1663 1820 1838 1861 compu-

569 1872 679 1914 tandi
714 1871 861 1926 peritia
893 1885 988 1928 prae
1020 1873 1110 1914 aliis
1144 1872 1360 1927 praecipue
1392 1871 1549 1925 cognita
1583 1872 1647 1912 est.
1732 1872 1839 1912 Ter-

569 1937 672 1977 tiam
709 1936 910 1990 publicam
946 1937 1155 1992 personam
1190 1935 1324 1978 Faber
1344 1935 1549 1991 ferrarius
1600 1937 1807 1978 constituit
1828 1966 1842 1988 ‚

568 2001 640 2054 qui
677 2002 868 2042 incudem
900 2011 941 2043 et
973 1993 1236 2044 instrumenta
1274 2000 1508 2054 necessaria,
1559 2001 1637 2042 suis
1692 2002 1841 2042 sumti-

569 2065 640 2106 bus
670 2074 778 2106 emta
802 2098 814 2117 ,
846 2067 971 2109 adfert
991 2099 1003 2119 ‚
1035 2076 1076 2108 et
1096 2098 1108 2118 ,
1141 2067 1171 2107 si
1206 2077 1307 2120 quae
1338 2067 1440 2108 forte
1462 2098 1473 2118 ,
1530 2067 1700 2108 durante
1733 2066 1841 2107 labo-

572 2142 616 2173 re
648 2131 887 2186 franguntur
908 2164 920 2187 ‚
973 2132 1041 2175 vel
1073 2131 1196 2176 aliam
1228 2130 1359 2174 labem
1394 2131 1642 2175 contrahunt
1662 2160 1674 2182 ,
1722 2139 1839 2179 repa-

1757 2200 1831 2233 rat.
