2008 2735
526 183 616 221 374
911 168 1411 214 DECVPRO

680 279 714 337 c)
751 282 1041 336 Pseudogalena
1075 286 1189 337 nigra
1236 283 1439 327 lamcilofii
1497 286 1801 340 Frcybergcnfis

529 351 573 391 dc
610 350 786 389 Lorentz
807 371 825 376 -
847 346 1104 401 Gegentrum
1130 382 1142 401 ‚
1177 350 1314 404 pyrite
1347 351 1548 391 arsenicali
1584 353 1768 407 imperia.

681 427 720 475 d)
758 427 1046 481 Pseudogalena
1081 424 1348 472 coeru'lescens
1370 463 1381 483 ‚
1433 432 1498 472 vel
1535 434 1671 486 potius
1704 434 1801 475 clia-

531 491 636 546 lybei
673 494 822 534 coloris
857 502 955 533 cum
989 492 1112 534 viridi
1149 504 1345 537 montano
1379 508 1429 536 ex
1457 497 1612 538 Permia
1634 500 1800 541 Russiae.

666 579 695 627 §.
734 588 773 627 7.
812 578 1002 621 Cadmiae
1038 579 1248 621 fornacum
1285 583 1425 637 absque
1460 585 1654 627 vlteriore
1689 584 1805 626 calci-

532 644 691 683 nat⁷one
726 643 921 686 adhibitae
954 648 1055 686 [unt.
1158 644 1469 698 Pseudogalenae
1503 663 1605 690 vcro
1638 651 1702 690 iub
1745 661 1804 690 te-

529 707 624 759 gula
657 720 728 761 per
768 715 805 750 8.
843 708 962 750 horas
996 709 1157 751 fortiter
1191 711 1243 751 ast
1280 724 1350 764 per
1381 715 1528 764 gradus
1582 715 1805 769 proceden-

527 773 580 814 do
614 771 920 817 calcinabantur.
988 774 1159 828 Lapides
1192 775 1462 820 calaminares.

681 850 722 908 1)
758 853 913 896 Eodem
951 855 1074 896 modo
1107 855 1388 898 tractabantur.

681 929 724 985 2)
763 933 902 973 Frusta
937 945 1084 974 eorum
1120 932 1315 973 nonnulla
1358 945 1450 975 ante
1502 934 1615 976 folles
1667 935 1808 990 prunis

531 995 767 1034 immediate
804 996 947 1036 inicc‘ta
984 1009 1055 1048 per
1090 995 1232 1036 horam
1268 999 1483 1039 dimidiam
1521 1002 1660 1053 primo
1714 1012 1809 1039 vre-

531 1057 676 1097 bnntur
701 1088 713 1108 ‚
765 1060 895 1111 postea
950 1070 1021 1111 per
1072 1061 1087 1105 ἑ
1146 1058 1269 1099 horae
1304 1071 1449 1100 ventus
1486 1076 1557 1114 per
1593 1064 1704 1104 sones
1739 1065 1810 1105 τιά-

532 1122 770 1162 mittebatur
797 1153 809 1172 ,
856 1133 896 1164 et
947 1123 1038 1163 inde
1088 1124 1314 1175 magnetica
1366 1125 1420 1165 ast
1467 1138 1547 1165 non
1583 1127 1809 1167 admodum

532 1186 650 1226 sortia
683 1187 912 1230 euadcbant.

680 1260 724 1317 3)
763 1263 860 1303 Alia
895 1264 982 1302 cius
1017 1263 1136 1304 frusta
1175 1264 1318 1305 eodem
1354 1264 1479 1306 modo
1514 1265 1810 1318 tractabantur,

531 1327 592 1368 sed
628 1338 699 1380 per
734 1326 879 1368 horam
914 1328 1134 1368 dimidiam
1168 1340 1317 1369 ventus
1362 1341 1432 1382 per
1484 1328 1598 1370 folles
1651 1329 1813 1371 afflaba-

531 1400 599 1431 tur
624 1422 636 1442 ,
684 1401 724 1431 et
775 1392 866 1433 inde
919 1393 958 1432 in
993 1403 1142 1446 corpus
1178 1392 1535 1433 semimetallicum
1573 1394 1639 1434 vel
1673 1396 1811 1448 potius

529 1455 770 1498 scoriaceum
809 1458 975 1508 nigrum
1011 1457 1169 1498 summe
1208 1459 1485 1511 magneticum
1520 1458 1690 1499 coibant.

686 1540 732 1594 4)
774 1543 866 1584 Alia
917 1544 965 1584 ad
1018 1543 1241 1596 plenariam
1298 1557 1425 1599 vsque
1475 1543 1810 1586 vitrificationcm

532 1604 609 1645 hoc
643 1607 766 1647 modo
801 1607 1059 1659 vrgebantur.
1128 1609 1247 1649 Vitra
1282 1610 1426 1651 exinde
1459 1611 1708 1662 emergentia
1743 1611 1810 1650 ob-

532 1671 644 1710 scure
676 1671 818 1712 viridis
852 1682 964 1712 erant
998 1672 1145 1713 coloris
1167 1705 1178 1724 ,
1209 1675 1308 1715 dura
1329 1706 1340 1725 ,
1379 1686 1477 1716 cum
1508 1673 1676 1726 chalybe
1710 1675 1812 1715 scin-

534 1735 640 1775 tillas
674 1736 829 1778 edentia
851 1768 862 1788 ,
908 1737 1095 1781 nonnihil
1130 1740 1370 1791 magnetica.

683 1823 715 1872 §.
741 1830 775 1867 8.
812 1824 861 1865 In
885 1822 1035 1865 fusione
1071 1824 1151 1880 ipsa
1188 1825 1365 1879 plurima
1398 1837 1448 1866 ex
1484 1837 1596 1880 parte
1619 1857 1629 1874 ,
1661 1828 1810 1868 anatim

536 1887 628 1926 vfus
659 1887 748 1929 sum
796 1889 1061 1944 proportione
1114 1893 1233 1945 cupri
1283 1901 1322 1931 et
1373 1892 1563 1932 materiae
1615 1891 1810 1932 zincinae.

543 1950 700 1991 Fluoris
736 1956 848 1995 crudi
884 1954 1039 2007 semper
1075 1966 1206 2008 partes
1239 1959 1334 2000 duas
1368 1960 1415 2000 ad
1470 1966 1629 2009 partem
1684 1968 1807 1997 vnum

540 2017 690 2067 cupri,
741 2029 779 2059 ct
813 2029 1000 2074 quartam
1056 2032 1214 2073 partem
1249 2021 1432 2076 pulueris
1468 2023 1685 2063 carbonum
1723 2019 1809 2074 pini

537 2079 735 2136 adhibui,
788 2084 826 2125 id
860 2084 968 2141 quod
1003 2084 1093 2127 idco
1130 2099 1276 2129 moneo
1336 2100 1386 2130 ne
1436 2086 1574 2129 inutili
1627 2097 1727 2142 opus
1761 2082 1809 2122 fit

1691 2158 1808 2202 repe-
