2008 2735
585 158 696 207 444-;
730 151 743 209 i
781 168 805 194 0
845 153 1004 210 (3434
1367 167 1425 207 29

155 276 340 318 mitatem
376 270 591 316 barometri
614 300 626 319 ,
661 269 869 310 mercurio
905 280 1076 310 vacuam
1101 299 1113 319 ,
1145 267 1235 309 leue
1269 266 1432 324 aliquod

155 340 377 396 pendulum
412 338 679 378 admoneatur
701 363 712 383 ,
763 334 802 374 id
824 365 837 385 ‚
889 335 1144 375 descendente
1189 338 1431 388 mercurio,

155 405 302 446 attrahi
325 433 336 452 ‚
366 402 592 442 ascendente
614 398 760 452 repelli
781 401 860 442 fuit
878 400 1148 451 obseruatum.
1194 401 1282 441 Post
1303 403 1431 442 varias

154 484 230 525 pro
264 467 474 520 vtriusque
507 464 631 506 huius
667 464 935 518 phaenomeni
963 465 1238 519 explicatione
1276 466 1429 507 effictas

152 532 394 587 hypotheses
412 543 518 572 anno
535 532 704 573 demum
734 543 873 581 1733,
889 529 1163 572 electricitatis
1184 529 1341 571 theoria
1363 530 1429 573 lll.

147 599 197 640 du
230 598 314 648 Fay
346 596 609 650 aliorumque
642 596 933 649 experimentis
951 595 1224 651 amplificata,
1259 607 1431 638 vtrum·

148 674 226 718 que
262 675 334 716 per
370 662 477 702 vires
507 661 712 703 eleetricas
742 674 763 702 a
797 660 1067 715 physicorum
1101 660 1306 714 aliquibus
1354 674 1430 704 ex-

148 729 290 783 plicari
323 738 515 782 coeptum
551 728 604 769 est
628 758 638 778 ,
674 725 763 766 aliis
799 737 934 768 tamen
969 728 1145 767 minime
1179 727 1430 768 consentien-

148 795 268 835 tibus.
346 791 458 833 Cum
506 793 635 844 igitur
673 802 812 832 manca
848 791 898 832 fit
932 792 980 833 de
1013 792 1278 833 electi-{citata
1311 791 1428 834 baro-

149 870 383 901 metrorum
419 857 575 898 theoria
598 888 609 907 ,
656 855 855 909 quamdiu
893 857 999 907 leges
1021 888 1033 908 ‚
1085 869 1182 911 quas
1218 858 1326 897 vires
1357 867 1428 899 at-

151 924 344 965 tractione
376 925 704 964 barometrorum
741 921 961 974 sequuntur
985 950 997 970 ,
1032 934 1113 962 non
1149 921 1226 960 siut
1263 923 1427 974 penitus

147 988 380 1042 exploratae
410 997 529 1039 atque
561 985 853 1040 experimentis
882 994 1072 1039 tanquam
1097 986 1270 1027 totidem
1307 985 1428 1039 ipsius

148 1063 312 1093 naturae
349 1051 587 1094 testimoniis
620 1051 933 1105 comprobatae:
971 1051 1147 1103 dignum
1182 1052 1267 1091 fime
1301 1062 1426 1103 argu-

145 1128 337 1159 mentum
391 1116 468 1158 hoc
517 1129 563 1157 ea
612 1128 734 1170 oper-a
785 1116 895 1167 fuit,
945 1128 1068 1170 quam
1125 1115 1426 1158 celeberrimus

146 1183 308 1225 Auctor
342 1183 386 1224 in
419 1194 467 1224 eo
498 1181 615 1223 nouis
649 1182 942 1236 experimentis
978 1181 1216 1223 illustrando
1248 1180 1427 1224 colloca-

146 1248 245 1299 vit,
292 1261 395 1302 quae
448 1259 545 1289 curn
578 1248 754 1300 genuina
791 1249 1007 1302 vtriusque
1043 1248 1314 1302 phaenomeni
1350 1261 1426 1291 ex-

146 1313 363 1366 plicatione
396 1313 447 1353 iis
481 1312 604 1354 solide
638 1314 897 1367 superstructa
932 1314 975 1353 in
1013 1314 1206 1367 praesenti
1248 1312 1425 1355 disserta·

147 1377 261 1418 tione
299 1377 563 1418 recensentur.
634 1377 851 1419 Praemissa
894 1378 1042 1419 scilicet
1074 1391 1222 1420 eorum
1257 1380 1427 1433 experi-

148 1448 388 1482 mentorum
411 1471 423 1489 ‚
474 1452 574 1493 quae
627 1441 732 1480 circa
767 1443 1096 1483 barometrorum
1133 1443 1272 1484 lucem
1310 1445 1426 1486 insti·

146 1514 231 1545 tuta
254 1507 374 1559 sunt,
403 1504 595 1552 historia,
629 1506 840 1554 quomodo
871 1517 914 1543 ea
952 1504 1229 1557 phaenomena
1263 1507 1309 1546 ab
1340 1508 1426 1546 ele-

141 1569 266 1610 c'trica
287 1569 561 1617 vioriantur,
590 1565 677 1607 Cel.
714 1568 875 1608 Austor
907 1567 1089 1608 distincte
1121 1568 1306 1621 exponit.
1373 1572 1424 1612 In

135 1633 266 1675 ‚altera
302 1633 350 1675 de
393 1634 435 1674 vi
469 1632 682 1674 attraffiua
715 1632 1044 1674 barometrorum
1080 1630 1310 1673 lucentium-
1341 1635 1425 1676 dis-

143 1697 359 1754 quifitione
393 1698 689 1752 experimentis
725 1711 804 1739 non
844 1710 966 1751 aeque
1017 1697 1299 1749 abundamus,
1350 1714 1424 1744 ne·

142 1776 220 1818 que
251 1764 344 1805 talia
379 1763 512 1806 adhuc
545 1763 728 1804 instituta
765 1765 855 1804 sunt
876 1793 887 1811 ‚
938 1775 988 1803 ex
1023 1764 1165 1816 quibus
1200 1776 1390 1817 appareat
1412 1797 1424 1818 ,

141 1841 245 1869 num
279 1830 349 1871 ista
382 1830 445 1870 vis
478 1829 613 1878 exiis
648 1828 801 1881 legibus
824 1859 835 1878 ‚
869 1840 965 1882 quas
999 1830 1062 1869 vis
1093 1828 1278 1868 eit-&rica
1313 1829 1421 1882 sequi

142 1892 273 1942 solet,
307 1894 425 1948 possit
455 1892 654 1948 explicari
682 1909 694 1942 ς
725 1894 832 1947 quod
866 1893 1032 1947 quidem
1065 1893 1418 1947 experimentandi

141 1968 286 2009 genus,
315 1972 440 2012 quam
476 1959 524 2000 fir
557 1959 739 2010 difficile,
757 1970 957 2015 quamque
975 1957 1189 2000 artificiose
1210 1958 1419 2000 instituen-

141 2021 244 2062 dum
268 2053 279 2071 ,
314 2023 425 2065 fficile
460 2023 736 2077 intelligitur-3
787 2034 908 2078 atque
943 2023 983 2063 in
1019 2023 1219 2065 eiusmodi
1252 2025 1419 2077 experi-

141 2095 382 2130 mentorum
430 2090 477 2132 ad
529 2089 799 2146 explorandos
851 2088 1076 2144 singulares
1125 2088 1200 2131 hos
1250 2100 1417 2132 naturae

717 2155 745 2195 d
783 2166 806 2203 3
1256 2154 1419 2198 effectus
