2008 2735
521 180 611 218 274
824 163 922 208 DE
982 165 1477 210 ROTATIONE

519 282 654 324 ditatis
705 279 752 320 sit
806 277 1106 332 immutabilis,
1139 295 1188 323 an
1225 294 1323 325 vero
1363 282 1544 338 cuipiam
1577 286 1793 330 mutationi

521 347 712 388 subiee‘tus
735 342 749 385 ἓ

675 429 790 472 HOC
824 429 952 482 igitur
989 431 1201 482 negotium
1242 431 1559 486 pertractaturus
1590 431 1798 488 imprimis

519 508 686 550 operam
721 495 850 545 dabo,
888 504 934 535 vt
968 495 1108 535 omnia
1146 506 1353 539 momenta
1386 530 1397 550 ,
1455 496 1797 552 quibuswreuolu-

523 563 581 602 tio
615 559 706 601 solis
737 561 838 600 circa
876 563 1096 614 proprium
1130 572 1248 601 axem
1301 563 1563 614 continetur,
1614 554 1666 603 ita
1717 562 1798 602 cla-

521 639 565 666 re
600 634 639 665 et
672 625 848 666 dilucide
881 637 1086 678 exponam
1108 657 1120 679 ‚
1172 634 1219 666 vt
1254 639 1334 667 non
1366 627 1499 669 solum
1533 629 1670 667 omnia
1719 625 1798 667 sine

524 701 586 732 tot
621 689 825 733 linearum
864 690 905 729 in
941 688 1085 742 figuris
1119 689 1302 732 exhiberi
1351 691 1561 732 solitarum
1613 690 1796 744 comple-

522 757 643 797 xione
695 754 904 807 intelligi,
957 756 1019 796 sed
1072 755 1199 797 etiam
1254 757 1466 797 vniuersus
1498 755 1674 798 calculus
1712 755 1800 797 satis

524 822 741 863 commode
777 822 823 863 ad
860 818 984 860 finem
1026 820 1191 874 perduci
1226 830 1358 876 queat.

678 908 847 950 ANTE
883 908 1024 948 omnia
1059 918 1199 949 antem
1237 907 1303 948 hic
1323 920 1489 948 monere
1511 907 1653 958 debeo,
1689 908 1799 948 istam

524 973 796 1024 quaestionem
832 984 913 1011 non
952 980 1036 1010 tam
1073 973 1176 1013 circa
1212 985 1379 1014 motum
1414 973 1538 1027 ipsius
1572 972 1663 1014 lolis
1706 983 1802 1013 ver·

525 1035 634 1087 sari,
687 1048 812 1089 quam
863 1036 967 1074 circa
1023 1045 1224 1084 motum,
1275 1048 1359 1087 quo
1413 1037 1597 1078 maculae
1640 1037 1721 1076 sule
1759 1037 1802 1077 in

527 1100 614 1140 eius
651 1099 886 1154 superficie,
922 1097 1003 1139 sluC
1034 1098 1076 1138 in
1111 1098 1392 1152 atmosphaera
1426 1100 1769 1140 circumferuntur
1791 1130 1802 1150 ,

529 1163 603 1205 nisi
640 1165 769 1216 igitur
804 1163 964 1205 aliunde
998 1164 1144 1205 constet
1179 1163 1356 1206 maculas
1390 1163 1435 1203 ab
1469 1164 1551 1216 ipso
1587 1162 1675 1203 solis
1714 1176 1799 1203 mo-

528 1237 571 1268 tu
610 1228 773 1282 abripi,
827 1230 934 1282 quod
970 1228 1137 1280 quidem
1173 1228 1225 1267 est
1259 1226 1619 1269 verisimillimum
1644 1257 1655 1270 ,
1707 1227 1801 1267 hinc

526 1291 632 1333 nihil
668 1294 715 1334 de
751 1305 851 1334 vero
886 1303 1001 1335 motu
1037 1292 1218 1345 corporis
1254 1292 1391 1332 solaris
1424 1289 1612 1331 concludi
1648 1289 1740 1330 licet

677 1378 920 1421 DEINDE
973 1379 1095 1418 etiam
1151 1377 1254 1416 inter
1300 1376 1567 1417 Astronomos
1602 1388 1680 1416 non
1717 1376 1805 1417 satis

525 1443 690 1491 constat,
713 1454 857 1485 vtrum
883 1442 1062 1485 maculae
1082 1439 1155 1495 ipsi
1177 1440 1270 1482 solis
1305 1440 1525 1494 superficiei
1548 1440 1803 1493 adhaereant,

526 1521 576 1549 an
629 1522 729 1550 vero
781 1511 976 1562 quopiam
1032 1505 1252 1548 interuallo
1315 1506 1404 1546 inde
1472 1505 1549 1546 fint
1616 1504 1803 1546 diffitae?

528 1572 665 1627 Quam
701 1573 751 1614 ob
785 1586 873 1613 rem
910 1571 1155 1615 methodum
1184 1603 1196 1622 ,
1246 1583 1370 1625 quam
1403 1571 1492 1611 sum
1548 1569 1769 1609 traditurus
1791 1601 1801 1620 ‚

532 1637 588 1677 ita
623 1638 828 1678 instituam
853 1668 864 1688 ,
916 1646 964 1677 vt
997 1650 1049 1678 ex
1083 1649 1126 1676 ea
1161 1648 1324 1690 quoque
1358 1634 1452 1676 haec
1486 1634 1662 1689 quaestio
1695 1635 1803 1675 deci-

530 1702 568 1742 di
609 1702 744 1755 poffit3
780 1712 954 1756 quatuor
991 1704 1038 1744 ad
1072 1701 1148 1742 hoc
1184 1711 1342 1741 tantum
1377 1711 1478 1754 opus
1511 1700 1589 1739 erit
1622 1699 1801 1740 eiusdem

533 1766 715 1807 maculae
747 1768 1103 1817 obseruationibus,
1123 1777 1218 1805 cum
1239 1765 1417 1818 alioquin
1434 1798 1444 1817 ‚
1463 1763 1490 1804 si
1529 1762 1710 1805 maculae
1730 1763 1801 1818 ipsi

534 1831 756 1885 superficiei
789 1832 881 1873 solis
916 1831 1171 1873 adhaerentes
1203 1829 1496 1871 assumerentur
1521 1862 1531 1882 ‚
1586 1839 1665 1868 tres
1725 1829 1804 1869 suf-

536 1896 714 1938 ficerent.

689 1975 766 2016 VT
803 1974 931 2027 igitur
966 1976 1126 2027 omnia,
1156 1985 1255 2028 quae
1288 1971 1367 2013 huc
1405 1974 1630 2028 pertinent,
1665 1971 1803 2011 distin-

537 2038 598 2078 ‹ste
636 2052 858 2092 proponam
885 2072 895 2091 ‚
946 2053 990 2080 ea
1026 2053 1125 2093 quae
1159 2039 1448 2079 obseruationes
1486 2039 1594 2078 nobis
1655 2037 1802 2074 imme-

535 2103 640 2144 diate
675 2106 946 2160 [uppeditant‚
976 2107 1097 2161 probe
1132 2104 1221 2145 sunt
1255 2103 1506 2146 discernenda
1540 2115 1559 2142 a
1581 2097 1802 2141 conclusio-

1676 2163 1803 2212 nibus,
