2008 2735
593 184 654 225 42
1016 171 1132 225 ufic-ig
1168 169 1181 228 )
1217 182 1244 212 0
1279 172 1293 221 (
1325 171 1443 224 &3230-

596 286 852 342 inuestigauit
883 286 920 328 b.
958 286 1117 329 Auitor
1138 319 1148 339 ,
1183 300 1284 343 quae
1317 289 1361 330 ad
1403 287 1611 331 historiam
1644 291 1861 334 earundem

594 356 748 415 iaciunt
813 352 1036 406 allegauit;
1083 354 1374 408 scaturiginum
1427 354 1589 404 situm,
1641 366 1862 398 numerum

594 419 876 462 conditionem
916 417 1168 473 explicauit3
1221 420 1394 474 denique
1440 431 1634 474 aquarum
1688 421 1862 473 iplarum

594 485 776 527 indolem
811 486 866 524 ita
900 483 1087 538 exposuit
1110 512 1122 532 ,
1160 491 1206 523 vt
1238 494 1460 538 appareat,
1495 483 1581 524 illas
1617 495 1773 537 praeter
1807 487 1866 527 sa-

594 550 681 592 lem
711 561 974 591 communem
998 579 1009 598 ,
1063 545 1116 588 sal
1158 550 1363 601 quoddam
1417 549 1636 598 medium,
1689 548 1866 590 mirabili

593 613 666 656 sali
699 612 943 665 analogum,
978 611 1037 654 sed
1070 613 1316 666 impurum,
1347 615 1563 655 continere.
1634 611 1710 653 His
1742 615 1867 665 sastiS,

594 681 643 721 ad
677 678 935 733 reliquorum
968 676 1160 719 foffilium
1193 679 1282 731 agri
1313 677 1428 720 Stara
1447 701 1465 708 -
1487 676 1701 721 Ruffienfis
1722 708 1734 728 ‚
1787 678 1868 719 flu-

596 744 762 785 minum
796 741 960 784 Poliffae
989 754 1033 782 ac
1068 743 1249 795 Lowat‚
1282 753 1324 784 et
1356 744 1531 798 denique
1566 742 1675 786 lacus
1710 743 1868 784 llmen·

595 808 646 849 sis
697 808 1053 861 inuestigationem
1109 807 1146 847 se
1195 807 1232 847 se
1280 806 1469 849 contulit.
1569 807 1780 849 Merentur
1815 818 1866 847 ex

595 872 680 913 illis
714 872 806 919 heic
840 871 1022 911 annotari
1057 870 1258 924 sequentia
1280 901 1291 922 ‚
1335 880 1377 911 et
1411 873 1577 924 quidem
1639 874 1687 912 1⁰.
1740 873 1869 913 Terra

594 937 744 989 nigra,
796 935 960 990 pinguis
1010 933 1156 987 vbique
1202 935 1308 975 circa
1357 933 1500 976 locum
1547 932 1692 975 salsum
1725 935 1869 989 oppidi

594 999 894 1044 Stara—Ruffae
915 998 1173 1051 reperiunda3
1216 998 1609 1053 penetrantiffimum
1645 997 1715 1038 illa
1749 1001 1872 1053 spirat

595 1065 756 1121 hepatis
791 1063 993 1119 sulphuris
1023 1063 1192 1105 odorem
1221 1073 1264 1105 et
1299 1062 1392 1104 hinc
1426 1062 1671 1105 confirmare
1704 1063 1870 1105 videtur

595 1132 866 1185 opinionem:
900 1128 1079 1170 inueniri
1111 1126 1174 1170 sel.
1211 1126 1370 1169 nullam
1405 1126 1491 1169 salis
1524 1127 1654 1168 natiui
1689 1126 1867 1168 fodinam

596 1206 666 1237 aut
700 1196 860 1237 muriae
893 1193 1177 1246 scaturiginem
1199 1222 1212 1243 ,
1254 1204 1354 1248 quae
1385 1204 1467 1234 non
1501 1192 1668 1244 vestigia
1700 1190 1872 1245 sulphu-

594 1262 654 1302 ris
687 1271 728 1302 et
758 1260 861 1302 acidi
895 1257 1093 1301 vitriolici
1125 1255 1322 1300 exhibeat.
1393 1259 1449 1299 2⁰.
1492 1257 1619 1298 Terra
1671 1256 1872 1298 martialis

595 1325 788 1368 ochracea
812 1357 824 1377 ,
856 1335 898 1367 et
931 1323 1008 1365 alia
1043 1323 1206 1379 pinguis
1236 1324 1352 1375 nigra
1376 1352 1389 1373 ,
1420 1322 1468 1364 ad
1500 1322 1608 1375 ripas
1641 1317 1872 1361 fluuiorum

597 1389 764 1433 Poliffae
815 1399 856 1431 et
908 1389 1056 1431 Lowat
1077 1420 1090 1441 ‚
1139 1388 1182 1429 in
1221 1387 1351 1428 stratis
1383 1387 1452 1427 sub
1485 1384 1621 1424 humo
1653 1382 1872 1437 vegetabili

597 1453 766 1497 latentes
786 1485 798 1505 ‚
830 1465 1009 1509 quarum
1045 1451 1158 1506 prior
1179 1480 1191 1502 ,
1227 1462 1375 1505 patum
1405 1449 1513 1491 ferro
1553 1448 1665 1489 diues
1687 1478 1699 1498 ,
1748 1448 1872 1490 altera

597 1531 700 1561 vero
751 1531 863 1561 mere
914 1514 1101 1569 argillosa
1148 1515 1215 1556 est.
1283 1518 1341 1562 3⁰.
1377 1512 1498 1564 Lapis
1546 1512 1744 1552 calcareus
1765 1544 1776 1565 ‚
1822 1513 1871 1553 ad

596 1583 851 1635 superiorem
905 1588 1064 1632 partem
1118 1575 1279 1618 Polissae
1328 1575 1446 1616 fluuii
1495 1585 1681 1629 repertus
1702 1606 1714 1625 ,
1780 1577 1872 1618 ideo

597 1647 834 1702 praesertim
870 1642 1055 1685 notabilis
1077 1672 1088 1693 ‚
1121 1641 1230 1695 quod
1263 1638 1488 1692 conchyliis
1524 1640 1615 1680 testa
1651 1639 1715 1679 sua
1753 1651 1874 1682 natu-

597 1711 674 1753 rali
707 1723 759 1751 ex
792 1717 906 1763 parte
938 1706 1071 1748 adhuc
1103 1706 1261 1749 donatis
1280 1737 1293 1752 ,
1343 1714 1453 1746 totus
1486 1705 1653 1745 refertus
1690 1703 1770 1755 fit3
1827 1706 1870 1746 in

596 1776 730 1818 stratis
760 1773 829 1816 illc
862 1772 1043 1816 occurrit
1093 1770 1439 1819 horizontalzbus‚
1493 1779 1596 1824 quae
1650 1769 1868 1811 intertexta

597 1844 692 1885 sunt
743 1839 893 1893 vbique
945 1837 1037 1878 aliis
1085 1837 1214 1878 stratis
1262 1833 1462 1888 argillosis
1516 1834 1620 1874 varii
1650 1833 1797 1874 coloris
1830 1843 1871 1876 et

600 1915 761 1963 praeter
793 1903 946 1945 micam
980 1902 1108 1944 albam
1134 1933 1146 1953 ,
1179 1913 1276 1942 vera
1309 1912 1468 1955 quoque
1489 1909 1590 1940 terra
1610 1898 1781 1939 calcarea
1805 1911 1870 1939 re-

599 1970 758 2013 mixtis,
825 1971 883 2019 40.
921 1968 1108 2021 Denique
1133 1964 1258 2008 [chisti
1288 1967 1400 2007 rubri
1427 1966 1558 2014 strata,
1592 1962 1870 2017 Calcarei-pe·

601 2034 790 2078 trificatis
805 2032 1055 2075 condecorati
1071 2041 1113 2074 et
1131 2029 1333 2073 martiales
1352 2031 1499 2084 lapides
1518 2030 1559 2070 in
1594 2029 1706 2070 omni
1735 2027 1872 2068 littore

603 2099 789 2153 llmenfis
806 2098 912 2143 lacus
929 2098 1043 2143 obuii
1062 2128 1080 2154 ,
1109 2097 1182 2154 qui
1203 2095 1358 2140 horum
1379 2093 1573 2139 foffilium
1593 2105 1738 2150 agmen
1755 2090 1871 2198 ⁴elau·

1784 2166 1866 2197 unt.
