2008 2735
369 197 1205 246 INTESTINORVM.
1326 206 1418 251 499

146 334 220 376 que
254 330 357 360 noua
391 326 531 356 rerum
566 313 759 355 omnium
797 312 911 352 facies
957 308 1164 349 suboritur
1185 340 1196 359 ,
1251 317 1296 347 vt
1349 310 1416 348 ob-
1444 322 1519 344 cum
1550 323 1617 343 mn-

144 389 320 427 struator
354 392 511 422 nouum
549 380 707 433 prorsus
758 377 979 417 subicitum
1006 407 1016 426 ,
1067 375 1174 428 quod
1229 375 1386 425 ignoret
1409 404 1420 423 ,
1445 361 1575 432 'Jfff'f‘e

145 456 180 491 ie
217 450 362 490 intueri
412 447 577 496 credat,
627 444 845 498 prioribus
888 441 1078 482 haettnus
1123 439 1226 480 notis
1278 439 1414 477 onni—
1443 422 1632 495 Χῖζζὶἱῇῑξς

146 516 215 556 bus
248 511 488 554 annihilatis.
593 509 782 559 Embryo
815 507 924 547 euim
953 538 962 557 ,
1014 506 1084 560 qui
1120 504 1311 548 hacteuus
1354 503 1420 542 iub
1445 511 1626 559 poliucastus

146 583 297 620 metius
352 578 391 616 in
444 587 531 615 area
584 573 857 627 dependebat,
908 574 1099 624 cuiusque
1154 570 1227 608 vix
1278 580 1415 621 guarta
1466 565 1508 620 *50
1541 560 1635 595 V-fi-

144 633 234 698 puts
268 643 383 695 super
417 652 507 680 cam
541 640 740 681 eminebat
764 669 775 688 ,
812 647 918 677 totus
954 649 1058 677 nuuc
1092 637 1131 675 in
1170 635 1283 673 fiiuca
1320 646 1398 685 qua
1443 623 1520 649 ¹²¹t0‘

143 710 234 748 dam
262 739 271 756 ,
305 717 426 759 quam
466 706 505 745 in
543 702 689 745 vitello
722 703 911 757 producit
935 731 947 750 ‚
990 699 1235 753 conspicitur
1270 708 1308 738 ct
1346 711 1419 737 no-

145 785 201 812 vo
235 768 448 810 inuolucro
472 801 484 819 ‚
535 770 675 809 amnio
710 780 855 820 nempe
901 768 1070 819 proprio
1122 764 1287 804 indutus
1335 763 1422 814 cst,

146 834 375 888 annuloque
407 833 585 885 cingitur
620 830 854 885 pellucido,
904 832 1022 870 cuius
1073 830 1186 883 supra
1243 827 1422 868 mertio-

147 913 241 940 ncm
275 900 360 940 feci.
428 898 485 938 Vt
518 898 630 939 breui
666 897 794 937 dicam
818 928 829 948 ‚
863 894 1098 946 embryonis
1134 894 1231 935 situs
1254 924 1266 942 ‚
1302 892 1422 932 situa-

146 966 205 1004 tio
227 995 237 1014 ‚
280 963 489 1003 inuolucra
512 995 523 1014 ‚
575 971 704 1015 partes
733 974 830 1001 eum
865 959 1164 1000 circumdantes
1187 988 1198 1004 ,
1248 959 1386 997 omnia
1410 988 1422 1007 ,

146 1038 303 1068 mutata
357 1030 458 1066 tunt.
556 1027 623 1066 Ab
672 1027 788 1064 vnica
841 1024 1070 1064 mutatione
1129 1022 1224 1062 haec
1282 1022 1422 1060 omnia

144 1090 420 1144 phaenomena
474 1100 578 1128 noua
631 1089 817 1144 pendent.
917 1086 1153 1129 Membrana
1215 1084 1421 1124 nimirum

143 1167 256 1194 areae
290 1155 456 1195 interior
478 1184 488 1203 ‚
523 1155 585 1194 seu
622 1155 792 1194 interior
828 1152 962 1193 vitelli
1001 1152 1132 1192 tunica
1157 1180 1168 1200 ‚
1225 1149 1369 1203 incipit
1400 1161 1422 1188 a

141 1219 337 1272 superiori
376 1217 604 1257 membrana
639 1215 740 1256 solui
776 1225 816 1255 et
852 1216 988 1268 sponte
1022 1215 1206 1256 secedere.
1312 1215 1431 1257 luci-,

142 1285 205 1336 pit
241 1281 405 1334 quidem
445 1282 632 1334 primum
670 1282 734 1322 die
768 1280 930 1319 circiter
968 1283 1077 1320 {exto
1119 1280 1281 1318 ineunte
1325 1291 1422 1331 pro-

144 1360 194 1400 pe
228 1346 495 1396 embryonem
535 1345 636 1385 solui
667 1377 677 1396 ,
730 1345 820 1384 inde
853 1345 937 1385 cito
968 1345 1289 1398 quaquauerium
1330 1355 1425 1396 per-

146 1412 238 1463 git;
291 1411 413 1451 donec
450 1420 530 1449 tota
566 1409 634 1450 illa
670 1409 842 1450 interior
879 1410 1110 1448 membrana
1145 1409 1191 1448 ab
1224 1407 1417 1447 exteriori

145 1475 271 1516 soluta
306 1474 353 1516 fit
377 1506 388 1524 ‚
442 1475 740 1529 propriumque
784 1474 937 1515 saccum
975 1472 1231 1514 vitellarium
1273 1472 1422 1512 consti-

147 1551 235 1581 tuat
258 1571 269 1590 ‚
318 1543 386 1594 qui
432 1539 703 1590 embryonem
734 1551 831 1579 cum
867 1540 1007 1579 amnio
1044 1541 1111 1578 tuo
1144 1550 1244 1578 vero
1277 1535 1421 1576 exclu-

145 1606 236 1656 dit,
285 1617 379 1645 cum
432 1616 480 1645 eo
534 1614 669 1645 tamen
712 1605 819 1644 intra
851 1604 1098 1645 exteriorem
1133 1614 1246 1643 areae
1284 1613 1421 1641 mem-

146 1670 310 1711 branam
334 1701 345 1721 ,
395 1680 586 1723 tanquam
616 1681 840 1710 commune
885 1665 1149 1709 inuolucrum
1174 1699 1185 1717 ‚
1236 1667 1420 1706 contine-

148 1744 229 1774 tur.
326 1734 476 1790 Quodsi
548 1746 655 1776 nunc
721 1733 1015 1775 consideremus
1049 1765 1059 1783 ,
1121 1745 1198 1784 qua
1263 1732 1420 1770 ratione

150 1798 338 1838 amnium
373 1801 557 1852 spurium
587 1811 640 1839 ex
676 1800 909 1838 membrana
944 1810 1054 1837 are-tie
1092 1795 1273 1835 inferiori
1317 1807 1420 1834 con·

150 1863 347 1904 structum
383 1863 430 1910 sit
483 1862 527 1915 (§.
565 1859 655 1911 43.)
707 1862 818 1903 facile
872 1861 961 1901 inde
1014 1860 1296 1911 inungetur,
1347 1870 1418 1898 cur

150 1928 217 1969 ista
253 1926 450 1969 solutione
485 1929 814 1968 membranarum
849 1927 1035 1967 amnium
1080 1925 1264 1977 spurium
1321 1934 1420 1962 ‹urt-

150 1994 277 2035 nescat
298 2023 308 2042 ‚
342 1993 548 2044 quomodo
578 1991 748 2033 annulus
781 1992 1004 2047 pellucidus
1037 1991 1192 2031 oriatur
1214 2020 1225 2038 ‚
1270 1986 1418 2026 simul-

147 2070 227 2109 que
259 2057 444 2097 amnium
479 2069 625 2100 verum
648 2089 660 2109 ,
702 2059 808 2111 quod
839 2056 1031 2098 hactenus
1061 2068 1082 2096 a
1117 2055 1254 2110 spurio
1289 2053 1418 2093 obuo-

150 2120 286 2161 lutum
323 2121 434 2174 fuit‚
467 2123 702 2164 denudetur.

725 2188 902 2230 Rtrz
1240 2185 1271 2233 §.
1312 2190 1417 2231 115.
