2008 2735
554 158 979 216 ωὲἓ)<>(ἓξ«
1339 179 1399 219 47

126 280 349 324 siderentur
377 308 388 329 ,
453 287 537 331 quo
563 305 574 325 ‚
621 277 727 330 quod
765 288 860 317 vera
897 277 1182 323 intestinorum
1219 280 1404 337 primor-

128 348 190 388 dia
226 344 335 396 sint,
380 341 606 382 euidentius
634 353 852 395 appaream
904 353 1024 397 atque
1059 342 1138 387 hoc
1190 347 1232 388 in
1290 350 1407 389 tertia

132 411 314 452 theoriae
367 414 478 461 parte
525 406 686 449 Auc'tor
740 406 776 448 se
833 409 1125 463 praestiturum
1179 411 1255 454 csse
1315 426 1413 468 pro-

133 475 273 518 mittit.

705 582 810 644 IX.

131 681 673 764 Descriptiones
729 694 802 743 et
858 681 1402 750 obseruationes

594 767 990 830 botanicae.

220 901 479 965 AuCiore
522 903 573 962 S.
620 903 695 963 G.
741 904 977 964 Gmelin
1022 924 1155 986 pag.
1191 907 1326 983 508.

188 1053 322 1110 Tonas
372 1064 560 1119 aliquas,
612 1063 763 1119 aliquas
815 1077 915 1108 vero
967 1065 1049 1108 iam
1076 1066 1296 1120 cognitas,
1352 1067 1415 1110 led

259 1129 524 1172 vlterioribus
555 1131 902 1173 obseruationibus
958 1132 1172 1174 illustratas
1223 1131 1413 1187 plantas,

126 1194 188 1237 Ci.
227 1195 385 1236 Αυᾶοι·
419 1195 461 1235 in
498 1195 572 1236 hac
605 1197 878 1239 dissertatione
914 1198 1125 1252 proponit.
1209 1198 1414 1240 Prioribus

128 1261 427 1301 annumeranda
449 1291 461 1311 ,
494 1261 636 1315 primo
669 1263 783 1303 venit
819 1261 957 1317 planta
978 1262 1215 1317 aegyptiaca
1240 1293 1251 1313 ,
1289 1262 1413 1304 Scan·
1443 1312 1453 1315 Α

128 1324 200 1364 dix
234 1323 366 1378 infesta
399 1324 462 1367 Cl.
497 1326 671 1368 Austori
713 1327 829 1369 dista.
903 1326 973 1368 Ex
1022 1328 1111 1369 eius
1143 1327 1411 1382 descriptione

129 1386 320 1430 discimus
341 1418 352 1437 ,
405 1388 522 1429 illam
563 1403 586 1430 a
621 1390 788 1443 reliquis
819 1390 944 1432 huius
981 1392 1137 1445 generis
1174 1392 1376 1447 speciebus
1400 1423 1414 1445 ‚

130 1453 170 1492 in
219 1463 269 1492 eo
324 1453 504 1493 maxime
558 1453 751 1504 differre,
794 1456 904 1509 quod
939 1455 1215 1497 vmbellarum
1261 1458 1414 1498 semina

126 1518 328 1557 exteriora
384 1515 679 1567 hirsutiffima,
732 1518 879 1558 intima
931 1528 1069 1560 autem
1124 1518 1260 1571 glabra
1303 1518 1418 1573 sint,

125 1589 331 1622 caeterum
385 1592 518 1631 vero,
572 1590 737 1635 propter
790 1582 1012 1622 eorundem
1062 1583 1268 1622 seminum
1306 1581 1417 1636 figu-

127 1657 213 1686 ram
237 1676 248 1695 ,
303 1642 404 1685 hanc
450 1644 580 1698 magis
612 1657 738 1699 quam
774 1645 905 1688 vllam
939 1645 1063 1687 aliam
1099 1647 1145 1688 ad
1179 1646 1414 1691 Scandicem

123 1708 396 1753 Anthriscum
433 1710 615 1751 accedere
640 1740 652 1761 ,
705 1712 803 1754 licet
834 1723 914 1751 non
953 1710 1044 1752 leue
1077 1710 1119 1751 in
1156 1710 1263 1753 foliis
1298 1723 1339 1754 et
1372 1715 1412 1754 in

123 1774 383 1830 dispositione
435 1774 711 1817 vmbellarum
738 1808 750 1828 ‚
803 1777 910 1816 inter
943 1785 1161 1829 vtramque
1194 1777 1410 1818 discrimen

127 1839 186 1882 sit.
268 1839 412 1882 Altera
464 1851 669 1881 nouarum
725 1841 990 1898 plantarum,
1044 1839 1236 1883 Buniadis
1270 1842 1412 1897 species

126 1904 181 1944 est
201 1934 213 1954 ‚
259 1907 327 1947 cui
381 1918 401 1946 a
435 1906 564 1959 patria
600 1907 663 1946 sua
688 1938 700 1958 ,
746 1908 992 1961 aegyptiacae
1026 1916 1176 1947 nomen
1209 1907 1303 1948 fecit
1335 1921 1412 1950 no-

128 1969 233 2009 ster:
283 1980 452 2013 externo
499 1971 691 2025 equidem
725 1970 866 2014 habitu
902 1970 1010 2011 haud
1036 1963 1231 2012 ‘m‘ultum
1266 1985 1288 2012 a
1322 1973 1412 2016 Bu-

125 2034 244 2074 niade
295 2034 483 2076 orientali
536 2036 680 2078 distare
729 2038 928 2086 videtur,
979 2046 1120 2077 verum
1177 2049 1254 2091 pro
1303 2050 1411 2080 noua

128 2099 255 2156 specie
288 2097 507 2143 habendam
542 2102 618 2145 ess‘e
639 2131 652 2152 ,
700 2115 781 2144 non
816 2110 979 2144 tantum
1015 2099 1206 2144 foliorum
1255 2102 1412 2144 diuersa

1306 2179 1411 2209 non*
