2008 2735
574 174 636 220 46
996 168 1113 223 »32:ss
1144 164 1160 224 )
1193 177 1222 209 0
1257 166 1279 226 (ι
1302 167 1420 221 &³3⁴⁴-

567 284 727 337 spinam
783 281 983 326 dorsaiem
1035 281 1161 337 posita
1184 314 1197 335 ‚
1265 284 1381 339 eique
1435 282 1623 339 paraifela
1645 316 1657 337 ,
1722 285 1851 328 fimili

571 349 699 389 modo
734 359 755 388 a
794 348 1052 389 membranae
1086 350 1212 390 amnii
1248 349 1375 404 spurii
1410 351 1539 391 media
1573 360 1721 404 parte,
1751 364 1850 404 quae

566 414 762 467 vti-inque
799 412 847 453 ad
884 413 1039 467 spinam
1077 413 1273 456 dorsalem
1317 415 1354 455 se
1403 414 1579 469 applicat
1603 444 1614 464 ‚
1668 414 1850 457 formata.

565 476 674 518 Haec
709 479 816 520 rima
854 478 1000 518 tubum
1038 478 1325 520 intestinorum
1383 480 1504 520 refert
1527 509 1538 529 ‚
1591 481 1662 531 qui
1715 480 1853 532 primo

568 551 755 595 tempore
787 542 1019 583 rectilineus
1050 542 1104 582 est
1124 573 1136 594 ,
1186 551 1227 585 et
1261 543 1419 585 nonnisi
1457 543 1666 587 (ucceffiue
1691 575 1702 594 ,
1749 546 1853 585 dum

566 609 707 647 crescit
734 637 745 657 ‚
781 605 1163 659 longitudinemque
1197 608 1420 649 abdominis
1453 610 1638 662 superare
1673 609 1853 663 incipit,

566 680 816 711 curuaturus
850 679 893 711 et
928 670 1240 714 conuolutiones
1273 670 1361 713 illas
1401 672 1604 726 producit.
1706 675 1853 716 Rimae

567 737 725 777 cauitas
758 734 812 776 est
840 736 994 777 cauitas
1029 736 1230 789 intestini,
1259 745 1299 777 et
1334 741 1588 782 membranae
1622 749 1713 792 pars
1734 769 1745 790 ,
1778 748 1856 791 qua

571 802 678 842 rima
716 801 920 842 formatur
942 830 955 852 ‚
988 800 1041 842 est
1074 801 1252 844 intestini
1289 803 1521 842 membrana
1543 800 1683 842 villosa
1703 835 1714 854 ,
1747 802 1859 851 adeo,

569 874 618 905 vt
652 865 888 906 intestinum
923 876 1047 917 aeque
1081 875 1126 903 ac
1158 864 1416 905 ventriculus
1446 865 1626 905 anterius
1668 876 1856 919 apertum

566 928 617 969 sit
639 958 650 980 ,
706 938 746 969 et
805 926 925 981 plane
961 927 1153 979 singulari
1187 942 1231 970 ac
1268 929 1379 968 niro
1409 928 1636 982 spestacnlo
1666 930 1709 969 in
1744 938 1859 970 exte-

571 992 673 1034 riori
727 991 966 1044 embryonis
1001 992 1254 1044 inuolucro,
1320 993 1361 1031 in
1395 993 1535 1032 amnio
1566 993 1706 1045 spurio
1741 1006 1860 1034 nern-

570 1067 651 1111 pe‚
685 1057 834 1097 cauitas
869 1055 1045 1097 intestini
1083 1064 1280 1112 appareat.
1348 1055 1543 1110 Denique
1579 1057 1684 1096 rima
1720 1058 1767 1098 ad
1803 1057 1857 1098 fi-

572 1132 673 1163 nem
710 1120 945 1162 inferiorem
982 1122 1230 1162 terminatur
1265 1120 1425 1161 soueola
1449 1152 1461 1175 ,
1510 1133 1610 1175 quae
1662 1121 1859 1173 superiori

568 1186 710 1227 foueae
740 1184 887 1226 similis
919 1182 974 1223 est
997 1214 1010 1237 ,
1043 1195 1165 1239 atque
1198 1184 1341 1226 eodem
1378 1184 1538 1239 prorsus
1575 1183 1698 1225 modo
1720 1216 1731 1236 ,
1775 1198 1858 1238 quo

570 1248 646 1292 illa
683 1247 967 1291 ventriculum
990 1281 1001 1302 ‚
1036 1250 1272 1292 intestinum
1309 1249 1468 1291 testum
1504 1247 1678 1289 exhibet.
1747 1249 1855 1290 Haec

573 1313 857 1369 phaenomena
910 1311 1069 1365 singula
1092 1345 1104 1364 ‚
1156 1326 1254 1368 quae
1290 1315 1414 1355 tertio
1447 1314 1594 1354 scilicet
1634 1314 1861 1354 incubatio-

578 1379 643 1418 nis
676 1378 740 1419 die
775 1377 898 1419 finito
932 1377 972 1417 in
1006 1380 1095 1419 ouis
1128 1387 1323 1432 apparent
1344 1409 1356 1430 ‚
1400 1378 1561 1418 Austor
1597 1377 1757 1417 vberius
1791 1377 1862 1417 de-

576 1441 710 1483 scribit
733 1473 745 1492 ,
777 1452 818 1482 et
853 1440 996 1483 deinde
1030 1454 1180 1482 eorum
1215 1452 1339 1493 aeque
1376 1452 1419 1482 ac
1458 1441 1587 1482 amnii
1621 1442 1783 1494 spurii,
1818 1441 1860 1480 in

577 1517 662 1559 quo
700 1504 770 1545 illa
805 1512 1036 1560 apparent,
1068 1505 1194 1559 ipfius
1227 1506 1360 1558 prima
1397 1506 1513 1544 initia
1539 1535 1550 1554 ‚
1593 1506 1861 1546 mutationes-

581 1581 691 1622 que,
724 1581 825 1621 quos
859 1569 906 1608 ad
941 1568 1052 1607 diem
1087 1570 1258 1608 tertium
1293 1578 1419 1621 vsque
1454 1567 1649 1619 subeunt,
1691 1570 1857 1620 repetit.

577 1631 773 1684 Denique
809 1630 899 1672 illas
937 1632 1181 1673 mutationes
1212 1643 1358 1671 eorum
1396 1632 1636 1684 subiungit,
1687 1644 1789 1685 quae
1837 1645 1859 1672 a

580 1697 646 1737 die
680 1695 805 1737 tertio
835 1695 1079 1747 contingunt
1101 1726 1113 1746 ,
1146 1697 1271 1737 donec
1306 1695 1373 1736 vel
1409 1696 1568 1751 prorsus
1606 1698 1861 1748 warnestum,

584 1761 654 1802 vel
691 1761 733 1802 in
766 1759 845 1802 alia
878 1758 1155 1814 phaenomena
1190 1760 1405 1803 transeunt.

740 1885 962 1942 Superest,
1027 1898 1076 1930 vt
1123 1888 1216 1933 haec
1266 1881 1547 1933 intestinorum
1601 1889 1858 1944 primordia,

580 1965 679 2007 quac
733 1951 926 1993 haetenus
982 1954 1158 1996 exterius
1209 1964 1369 1996 tantum
1419 1957 1460 1996 in
1515 1957 1676 2009 integro
1718 1950 1860 1995 smnio

583 2018 721 2071 spurio
752 2017 995 2059 considerata
1030 2021 1121 2060 sunt
1143 2050 1155 2071 ,
1207 2021 1378 2061 interius
1411 2032 1572 2074 quoque
1627 2019 1668 2059 in
1718 2019 1858 2060 amnio

587 2082 730 2138 spurio
762 2092 904 2138 aperto
935 2090 976 2122 et
1009 2084 1052 2126 in
1086 2097 1231 2128 corum
1265 2084 1470 2141 superficie
1506 2084 1718 2139 posteriori
1757 2094 1856 2122 con-

1752 2145 1854 2186 sidc-
