2008 2735
580 203 673 251 460
870 189 971 237 DE
1036 194 1604 244 FORMATroNE

578 323 622 356 to
677 319 864 365 apparere
917 308 1049 364 solet,
1097 322 1138 356 et
1187 326 1265 368 pro
1307 314 1494 356 intestino
1527 314 1640 357 facile
1673 317 1851 364 habetne

577 378 655 421 Sed
691 377 823 431 prima
858 376 1034 417 intestini
1081 387 1123 420 et
1171 379 1387 421 ventriculi
1440 381 1704 435 rudimenta,
1751 397 1851 438 quae

578 456 659 484 non
696 453 770 496 pro
805 440 868 481 his
902 440 1080 495 partibus
1111 446 1407 495 cognoscuntur
1440 457 1491 485 cx
1533 445 1670 487 habitu
1721 450 1852 490 confi-

577 508 744 560 demto,
796 506 859 548 sed
892 517 945 546 ex
980 507 1200 547 succeffiuis
1247 509 1417 549 demum
1472 513 1765 554 mutationibus
1811 524 1852 556 et

575 581 722 613 euentu
762 571 1142 625 phaenomenorum
1191 572 1509 626 intelliguntur,
1563 575 1683 629 lange
1739 581 1853 632 prius'

574 645 779 690 apparent.
866 637 999 678 Fouea
1036 649 1183 690 nempe
1217 640 1391 679 cardiaca
1413 670 1424 690 ,
1459 644 1678 682 ventnculi
1717 647 1850 697 prima

573 701 830 743 adumbratio
850 732 862 752 ‚
910 701 975 743 die
1011 701 1146 742 statim
1184 703 1323 756 primo
1354 716 1432 745 vna
1467 716 1563 744 cum
1595 708 1819 759 embryone
1839 737 1851 760 ,

569 776 612 808 et
648 768 759 820 prius
793 768 878 821 ipso
908 766 1030 808 corde
1051 797 1062 817 ,
1107 768 1255 820 prodit.
1343 769 1494 810 Sutura
1529 780 1569 809 et
1603 771 1715 811 fouca
1752 773 1854 814 infe·

569 832 657 872 tior
688 832 752 874 die
785 833 957 875 secundo
990 829 1112 873 finito
1133 862 1145 884 ,
1177 832 1246 874 vel
1279 835 1416 874 medio
1450 834 1573 875 tertio
1602 836 1666 876 die
1687 865 1700 887 ,
1733 848 1852 877 com·

571 905 728 950 parent.

722 993 753 1042 §-
787 997 864 1041 63.
898 992 970 1034 Illi
1007 1004 1113 1033 nunc
1148 1006 1249 1048 ergo
1284 995 1473 1038 intestino
1508 997 1731 1051 primitiuo
1765 1009 1854 1041 me⁴

573 1053 645 1095 dio
679 1052 855 1110 simplici
889 1057 996 1097 mera
1029 1058 1275 1098 delcendenti
1310 1062 1446 1099 sutura
1468 1091 1478 1110 ‚
1516 1074 1637 1112 quam
1671 1063 1858 1115 explica·

576 1128 620 1157 re
655 1119 807 1162 institui
833 1153 843 1173 ‚
885 1121 1126 1174 respondet,
1179 1122 1343 1175 eiusque
1379 1125 1543 1177 proprie
1577 1126 1856 1165 adumbratio-

577 1194 672 1223 nem
724 1185 844 1225 refert
893 1182 966 1225 hac
1015 1186 1179 1236 quidem
1224 1187 1413 1238 ratione,
1462 1198 1508 1226 vt
1542 1189 1644 1227 rima
1678 1189 1854 1229 intestini

578 1243 691 1286 illius
721 1250 931 1301 primitiui
957 1278 969 1299 ,
1011 1249 1117 1289 reela
1151 1249 1419 1289 descendentis
1441 1277 1453 1297 ‚
1502 1250 1721 1291 cauitatem
1753 1251 1856 1293 refee

577 1319 674 1363 rat,
725 1314 787 1353 vti
823 1314 936 1353 fouea
971 1312 1144 1353 cardiaca
1179 1304 1399 1355 ventriculi
1433 1313 1653 1355 cauitatcm
1687 1313 1853 1356 exhibe-

577 1374 654 1415 bat.
755 1377 1015 1419 Membranae
1050 1390 1139 1432 pars
1160 1406 1172 1427 ‚
1206 1390 1307 1431 quae
1339 1379 1525 1420 suturam
1558 1379 1766 1421 constituit
1798 1381 1854 1423 est

580 1440 813 1483 membrana
852 1442 1026 1483 intestini
1063 1443 1218 1484 interna
1254 1441 1408 1485 villosa.
1506 1443 1747 1487 Intestinum
1788 1458 1856 1486 cr-

577 1516 662 1557 go,
702 1501 745 1547 iu
798 1509 1038 1548 vniuerlum
1081 1507 1377 1549 consideratum
1401 1538 1413 1558 ‚
1466 1508 1702 1550 intestinum
1736 1523 1855 1564 aper-

577 1579 667 1610 tum
704 1571 789 1622 est,
822 1574 938 1613 cuius
975 1584 1123 1626 nempe
1158 1582 1286 1625 partes
1324 1569 1541 1624 laterales,
1583 1583 1666 1628 quo
1700 1575 1854 1616 intesti-

577 1646 680 1675 num
717 1634 814 1677 illud
850 1639 1058 1688 integrum
1093 1637 1200 1688 fiat,
1252 1639 1484 1680 antrorsum
1540 1635 1761 1691 compleffi
1812 1649 1854 1679 et

576 1699 792 1742 coalescere
826 1709 1022 1756 oportet;
1073 1712 1194 1756 atque
1246 1700 1356 1754 hoc,
1411 1704 1758 1757 quemadmodum
1811 1704 1854 1744 in

579 1770 691 1817 parte
723 1766 840 1807 tertia
873 1768 1026 1807 dicetur
1049 1795 1059 1815 ‚
1092 1780 1113 1807 a
1149 1777 1289 1808 natura
1327 1780 1422 1810 vere
1457 1769 1673 1822 peragitur.
1769 1764 1855 1808 Ha·-

578 1828 717 1869 &cnus
750 1839 888 1872 autem
924 1841 1056 1886 partes
1108 1826 1181 1873 hae
1233 1831 1416 1874 laterales
1461 1832 1634 1873 intestini
1687 1833 1852 1886 aperti,

580 1905 674 1946 quas
708 1895 922 1938 coalescere
955 1904 1120 1949 oportet
1142 1928 1153 1948 ‚
1194 1895 1381 1939 dilatatae
1413 1905 1455 1939 et
1486 1897 1528 1937 in
1563 1895 1693 1938 bullae
1725 1906 1857 1954 partes

580 1956 759 1999 laterales
791 1963 1048 2003 continuatae
1069 1992 1081 2014 ‚
1113 1961 1306 2016 expansse
1341 1963 1439 2004 sunt.

352 2053 521 2111 &honum
734 2056 765 2103 §·
819 2062 894 2107 64,
949 2057 1036 2101 Hoc
1090 2060 1213 2101 modo
1263 2059 1518 2102 firmationis
1569 2060 1852 2100 intestinorum

353 2105 534 2190 gine-wgo-
578 2118 656 2159 ‘ite
706 2119 985 2176 considerato,
1036 2124 1205 2166 nullum
1254 2129 1334 2168 fere
1385 2125 1556 2168 dubium
1602 2126 1652 2164 de
1683 2124 1855 2192 veritate

1710 2196 1848 2240 epige-
