2008 2735
345 199 662 245 MARIAE
714 198 1221 245 RVTHENICA.
1327 209 1415 252 55³

154 315 382 369 rubiginem
419 313 549 355 tractu
584 312 782 368 temporis
812 312 1038 365 contrahit,
1069 322 1109 355 et
1143 314 1189 354 ab
1224 311 1295 353 illa
1329 326 1421 354 ero-

151 383 271 424 ditur.
358 379 485 421 Micas
519 378 607 431 igni
645 377 861 421 resistentes
891 377 1246 421 WALLERtVS
1284 376 1423 418 Mine·

152 446 226 486 ral.
257 458 292 499 p.
330 454 430 493 173.
475 444 794 498 pronunciauit,
839 453 878 485 at
928 444 1281 498 quemadmodum
1333 440 1417 484 Cel.

151 508 505 554 CtxONSTEDT
527 539 538 561 ,
570 520 633 549 eas
666 520 716 550 eo
750 510 856 560 ignis
891 511 1017 561 gradu
1044 539 1055 560 ‚
1089 519 1422 562 quo-quarzum,

151 575 239 617 calx
272 583 314 616 et
347 573 507 627 spatum
539 575 759 615 immutata
795 572 1031 629 persistunt,
1066 574 1107 613 in
1142 573 1302 613 vitrum
1323 571 1427 611 flue-

147 652 192 682 re
224 639 515 694 experimentis
547 639 694 680 didicit
716 669 728 689 ‚
763 638 818 680 ita
849 648 890 680 et
924 640 1071 679 marz'ae
1099 637 1243 691 glacies
1279 646 1317 676 et
1355 648 1423 689 per

148 706 185 748 se
220 705 438 747 fortissimo
470 704 563 756 igne
598 702 778 744 vitrescit
803 735 815 754 ‚
860 713 900 744 et
935 705 1043 744 fetro
1073 702 1227 742 adiecto
1260 700 1422 741 facilius.

148 770 224 811 His
258 769 458 812 recensitis
490 767 651 809 dotibus
688 769 830 809 mirari
864 777 972 808 certe
1006 767 1094 808 satis
1129 778 1208 807 non
1243 766 1428 819 poss'um,

148 835 356 887 quomodo
388 833 540 875 fae'tum
573 833 697 874 fuerit
731 841 779 873 vt
812 830 984 884 glaciem
1020 832 1175 873 Mariae
1219 840 1315 870 cum
1364 831 1426 880 [e-

148 898 300 940 lenitide
332 898 355 940 s.
390 897 513 954 lapide
532 897 720 953 speculari
754 897 953 937 Amores
994 895 1260 936 confuderint.
1347 893 1424 933 Hic

145 965 257 1004 enim
279 993 291 1013 ‚
342 963 686 1016 quemadmodum
724 963 804 1003 iam
841 961 970 1015 patria
1005 959 1136 1001 differt
1161 991 1171 1009 ‚
1224 960 1265 999 in
1299 959 1422 998 variis

146 1026 391 1070 Germaniae
419 1026 519 1068 locfs
545 1057 557 1077 ,
591 1025 727 1067 Silefia
749 1057 762 1076 ‚
795 1025 1030 1075 Thuringia
1061 1034 1102 1066 et
1136 1023 1229 1063 albi
1262 1022 1422 1074 copiose

147 1091 390 1145 proueniens
411 1121 423 1140 ‚
460 1091 515 1129 ita
549 1087 662 1144 Gysst
692 1089 835 1143 species
866 1088 919 1129 est
942 1118 954 1139 ,
986 1087 1131 1129 crassus
1152 1118 1164 1136 ,
1199 1087 1240 1126 in
1278 1084 1424 1126 lamel-

144 1153 201 1195 las
234 1154 403 1208 quidem
438 1152 596 1204 fiffihs,
647 1151 708 1194 sed
743 1155 982 1204 neutiquam
1018 1153 1061 1192 in
1096 1162 1235 1193 tenues
1267 1160 1307 1190 et
1361 1159 1423 1190 te-

144 1217 352 1259 nuissimas
373 1247 384 1267 ‚
433 1216 495 1255 sed
546 1213 682 1255 crassas
703 1246 715 1266 ,
768 1214 1100 1267 rhomboidales‚
1148 1213 1217 1254 ille
1252 1215 1343 1254 dein
1378 1215 1421 1255 in

145 1281 370 1323 minoribus
404 1290 562 1320 tantum
596 1279 729 1320 frustis
774 1279 996 1334 diaphanus
1044 1280 1130 1331 est,
1179 1278 1221 1318 in
1269 1278 1421 1319 calcem

147 1349 317 1395 vritur,
351 1354 391 1385 et
424 1346 507 1386 cito
540 1344 771 1386 destruitur.
836 1343 991 1386 Differt
1024 1355 1123 1391 ergo
1156 1344 1301 1395 glacies
1335 1343 1420 1383 eui-

142 1409 374 1453 dentiffime.
441 1409 636 1464 Sequitur
657 1439 668 1461 ,
700 1419 749 1451 vt
783 1407 1013 1450 charactere
1045 1407 1154 1448 illius
1186 1409 1264 1448 rite
1296 1407 1423 1449 tradi-

146 1486 190 1517 to
210 1505 221 1524 ‚
254 1477 423 1516 modum
455 1475 659 1516 ostendam
684 1503 696 1524 ,
745 1486 829 1528 quo
860 1474 1082 1524 effoditur,
1137 1485 1260 1526 quem
1291 1473 1331 1513 in
1368 1470 1421 1512 fi-

146 1552 241 1580 nem
275 1541 413 1581 omnia
444 1552 542 1582 cum
579 1539 711 1581 labore
742 1539 916 1592 collegi,
949 1551 1051 1592 quae
1085 1538 1237 1591 partim
1271 1538 1313 1577 in
1348 1549 1419 1578 co-

146 1605 299 1645 dicibus
346 1602 562 1647 PATRVI
612 1614 651 1644 et
700 1603 986 1648 STELLERI
1036 1603 1210 1656 inueni,
1263 1602 1417 1658 partim

150 1667 259 1711 mihi
291 1668 407 1712 aliter
438 1671 716 1713 innotuerunt.

300 1799 490 1843 Aduenae
524 1813 577 1842 ex
617 1799 754 1844 Rusfia
797 1801 839 1842 in
893 1798 1118 1850 Sibirinm,
1171 1794 1422 1852 Promyschss

151 1862 248 1913 leuy
280 1863 375 1905 dieti
399 1897 411 1918 ‚
461 1867 504 1908 in
538 1867 738 1908 societates
770 1869 921 1907 coe'unt
946 1897 957 1917 ‚
1007 1877 1179 1920 quarum
1214 1864 1420 1905 maximae

149 1927 405 1980 quadraginta
427 1961 438 1981 ‚
489 1932 641 1974 mediae
687 1932 872 1984 viginti,
926 1930 1125 1971 minimae
1160 1931 1226 1970 sex
1258 1930 1420 1971 circiter

147 1991 385 2034 hominibus
414 2006 730 2049 componuntur.
800 1995 1016 2038 Societates
1050 1993 1300 2036 societatibus
1326 1995 1423 2033 iun·

148 2064 303 2108 guntur
323 2088 334 2107 ‚
367 2066 410 2098 et
441 2059 578 2102 decem
615 2063 826 2104 interdum
849 2090 862 2110 ,
918 2060 1204 2112 paucioresque
1238 2070 1317 2098 non
1354 2057 1422 2094 in-

149 2121 394 2172 frequentius
425 2133 476 2162 ex
512 2122 664 2164 lrcutia
687 2154 699 2173 ‚
741 2123 877 2165 Ilimsk
899 2152 910 2174 ‚
959 2131 1036 2161 cet.
1070 2122 1120 2163 ad
1152 2120 1417 2163 effodiendam

213 2183 753 2230 Tom.xu.Nou.Comm.
950 2187 988 2228 A
1007 2197 1028 2226 a
1047 2196 1067 2225 a
1084 2196 1106 2229 a
1323 2182 1417 2224 Ma·
