2008 2735
370 163 693 209 RADIORVM
729 162 1275 208 DIVERSICOLORVM.
1370 174 1461 215 177

187 280 375 322 dedue‘tae
411 293 526 320 verae
557 278 630 319 esse
667 276 847 330 possent:
892 277 1064 319 sufficiat
1097 288 1236 320 autem
1272 291 1336 320 eas
1370 288 1462 319 tan·

189 359 314 400 quain
351 345 544 400 poilibiles
578 341 771 398 spect-affe.

588 451 937 536 Hypothefis
1009 474 1055 513 2.

341 582 415 618 23.
453 569 528 610 Hic
563 570 663 611 radii
697 569 797 610 lucis
834 571 873 610 in
912 571 1015 622 parti
1042 568 1209 609 ularum
1260 564 1460 608 minima-

186 648 281 680 rum
321 635 593 690 perniciffimo
630 647 745 675 motu
782 634 989 677 consistere
1045 643 1284 683 uinuntur,
1325 632 1379 671 ita
1418 637 1464 669 vt

183 701 351 743 diuersis
399 701 601 742 coloribus
648 701 795 741 diuersi
849 701 1067 741 celeritatis
1118 699 1266 752 gradus
1311 705 1463 739 conue-

184 767 310 808 niant.
378 767 491 807 Tum
527 767 711 807 ress-,idtio
746 768 791 807 ab
823 765 1063 806 attraCtione
1114 764 1307 819 quapiam
1360 761 1464 801 circa

185 831 440 886 superficiem
479 831 556 871 rcfr
578 842 766 883 ugentem
804 842 941 871 exerta
975 829 1083 870 effici
1118 831 1307 871 statuitur
1330 859 1342 880 ,
1384 837 1464 879 qua

186 896 258 945 fit,
292 907 337 937 vt
373 898 473 937 dum
513 896 730 949 particulae
766 896 858 936 illae
894 908 944 935 ex
982 895 1118 934 medio
1152 893 1234 935 alio
1279 893 1323 934 in
1354 890 1468 934 aliud

186 962 392 1003 transcunt
426 974 446 1001 a
480 962 644 1001 tramite
678 959 892 999 rectilineo
926 956 1205 998 deflectantur.

630 1067 892 1126 Coroll.
989 1091 1031 1127 1.

339 1190 412 1228 24.
447 1177 497 1219 In
534 1177 606 1219 hac
641 1189 740 1230 ergo
783 1177 1007 1232 hypothesi
1065 1177 1263 1230 cuiusque
1314 1173 1466 1215 coloris

184 1243 306 1282 radiis
358 1243 398 1282 in
432 1245 578 1297 quouis
617 1244 753 1284 medio
788 1254 920 1284 certus
951 1243 1170 1285 celeritatis
1204 1239 1350 1292 gradus
1386 1239 1466 1277 tri-

181 1307 321 1347 buitur
346 1337 356 1355 ,
390 1321 473 1359 quo
510 1311 683 1348 minima
715 1310 957 1362 corpuscula
993 1309 1154 1350 radium
1214 1303 1463 1347 constituen-

184 1372 239 1412 tia
277 1384 347 1424 per
379 1372 418 1411 id
454 1373 635 1411 medium
672 1373 859 1412 feruntur
881 1406 892 1424 ‚
946 1376 987 1414 in
1023 1383 1154 1427 eoque
1192 1368 1348 1410 lineam
1395 1378 1464 1406 re-

183 1436 291 1476 etam
315 1467 327 1488 ,
361 1449 439 1490 qua
473 1438 576 1478 radii
609 1437 780 1478 directio
810 1438 1071 1489 continetur,
1105 1435 1345 1476 describunt.

612 1548 878 1607 Coroll.
980 1567 1029 1605 2.

342 1665 411 1706 ες.
450 1656 608 1698 Deinde
642 1657 743 1697 dum
779 1655 880 1697 radii
915 1665 967 1694 ex
1002 1664 1089 1693 vno
1124 1649 1261 1691 medio
1289 1646 1330 1688 in
1350 1644 1458 1688 aliud
1489 1650 1576 1688 Tab.
1608 1649 1658 1689 11.

183 1723 387 1764 transeunt
411 1755 421 1775 ‚
454 1724 555 1765 circa
591 1723 765 1763 confinia
800 1721 977 1775 spatium
1018 1716 1224 1772 quoddam
1268 1712 1460 1769 quamuis
1486 1703 1565 1753 Fig·
1593 1717 1629 1750 4·

185 1790 400 1839 angustum
436 1790 665 1842 concipitur
701 1787 739 1826 A
761 1785 938 1835 BCD,
986 1783 1028 1822 in
1063 1794 1146 1835 quo
1179 1780 1282 1821 radii
1318 1779 1364 1819 ad
1400 1775 1461 1816 al-

188 1861 393 1894 terutrum
439 1856 665 1896 terminum
711 1852 829 1893 relati
880 1848 969 1891 CD
1020 1844 1312 1894 attrahantur,
1364 1853 1457 1882 mo-

187 1927 361 1972 tumque
396 1921 513 1960 suum
551 1919 754 1960 inflectere
788 1928 827 1958 et
864 1924 1024 1957 mutare
1065 1920 1264 1963 cogantur
1287 1937 1297 1956 ‚
1346 1906 1462 1947 dein-

189 1995 280 2036 ceps
316 1986 356 2024 in
391 1982 517 2024 altero
552 1986 687 2025 medio
721 1987 874 2025 iteruin
919 1981 962 2021 iu
1013 1976 1217 2018 dii-cetum
1269 1980 1459 2029 progres-

191 2049 287 2088 suri.

256 2161 366 2204 Tom
376 2195 383 2204 .
393 2162 494 2205 XII.
508 2162 620 2204 Nou.
631 2161 795 2204 Comm.
1037 2153 1076 2198 Z
1389 2149 1460 2189 de·
