2008 2735
538 157 624 185 102
850 143 951 185 DE
1015 139 1507 183 DVRATIONE

536 259 712 299 mediam
750 259 856 298 vitae
890 271 911 297 a
946 267 1183 310 quacunque
1217 262 1342 294 aetate
1377 255 1537 308 insuper
1582 248 1797 309 expectranss

534 325 603 363 dae
626 354 637 372 ,
689 335 767 361 non
824 323 986 375 quidem
1036 319 1273 360 immediate
1306 320 1365 358 led
1401 330 1472 371 per
1506 320 1795 372 consequentias

536 395 583 424 vt
614 396 660 425 vt
705 397 775 438 per
827 390 861 425 le
910 385 1130 437 vnicuique
1181 383 1347 432 obuias;
1400 383 1575 434 quaestio
1629 394 1796 430 autem,

539 462 663 503 quam
701 461 804 489 nunc
834 448 1134 488 enuclcabimus
1157 478 1168 497 ,
1218 447 1264 486 de
1298 446 1509 486 duratione
1547 447 1675 486 media
1709 457 1799 485 ma·

539 514 836 552 trimoniorum
875 510 1010 550 multo
1043 509 1246 563 operosior
1278 512 1331 551 est
1366 510 1642 563 plurimasque
1664 509 1803 561 requi-

534 577 592 615 rit
625 575 879 615 deductiones
913 586 953 614 et
982 586 1077 613 cum
1113 577 1202 616 inde
1234 573 1410 615 diuersae
1458 574 1627 613 humani
1680 584 1804 625 gene-

535 642 591 679 ris
626 639 758 679 classes
779 670 790 690 ,
824 638 1074 679 successiones
1109 649 1151 677 ac
1188 638 1472 678 vicissitudines
1507 638 1694 691 petendae
1711 635 1802 685 sint,

536 715 682 757 operae
737 703 917 755 pretium
974 714 1040 741 me
1091 701 1292 741 facturum
1325 702 1590 751 existimaui,
1625 701 1652 740 si
1689 700 1799 740 viam

540 768 803 807 monstrarem
839 769 886 808 ad
923 765 996 806 hoc
1030 776 1322 815 argumentum
1347 797 1356 815 ,
1406 766 1515 818 quod
1559 764 1692 803 multa
1731 762 1805 801 ha-

536 835 600 873 bet
633 830 869 871 communia
901 841 999 869 cum
1033 829 1247 881 specimine
1282 829 1437 882 aliquo,
1469 828 1575 881 quod
1607 837 1696 866 ante
1731 825 1804 865 hos

536 897 690 949 septem
725 904 848 934 annos
883 905 978 933 cum
1011 893 1231 933 Academia
1268 893 1367 945 Reg.
1403 892 1463 933 Sc.
1498 890 1668 932 Patisma
1688 902 1803 931 com-

540 960 750 998 municaui
775 988 785 1007 ,
838 955 1157 996 Commentariis
1201 956 1323 995 huius
1365 956 1607 995 Academiae
1640 955 1685 993 ad
1722 956 1801 995 An.

545 1026 681 1068 1760.
739 1020 886 1059 inserto
909 1051 918 1069 ‚
968 1019 1034 1059 vbi
1067 1020 1114 1057 de
1152 1018 1397 1057 mortalitate
1431 1031 1448 1056 a
1486 1017 1654 1056 variolis
1687 1027 1804 1056 natu*

541 1085 690 1125 ralibus
724 1082 964 1135 salutarique
1001 1094 1142 1121 earum
1182 1082 1391 1122 insertione
1426 1079 1610 1130 disserui,
1644 1078 1801 1118 insolita

537 1149 583 1188 ad
616 1148 719 1189 hanc
754 1159 843 1187 rem
878 1145 1078 1197 analyscos
1113 1147 1235 1198 specie
1271 1147 1374 1186 vsus.

693 1214 724 1261 §.
762 1224 803 1260 4.
854 1209 964 1250 Cum
1019 1211 1067 1249 de
1101 1211 1311 1250 duratione
1349 1208 1479 1249 media
1517 1205 1802 1245 matrimonio·

539 1289 633 1316 rnm
658 1307 668 1326 ‚
705 1287 779 1330 pro
810 1274 896 1313 data
934 1274 1144 1326 Vtriusque
1179 1274 1501 1325 coniugis-actam
1528 1301 1538 1319 ‚
1573 1271 1804 1322 quaeritur3

541 1340 684 1380 necesse
717 1339 800 1388 est,
854 1347 902 1378 vt
934 1339 1044 1391 prius
1080 1338 1211 1377 tabula
1247 1337 1482 1376 exhibeatur
1518 1345 1592 1386 pro
1627 1334 1719 1373 dato
1754 1331 1805 1371 fi·

539 1405 708 1444 milium
744 1402 1039 1444 connubiorum
1078 1413 1251 1440 numero
1273 1430 1284 1448 ‚
1338 1411 1436 1452 quae
1470 1398 1616 1437 indicet
1640 1429 1650 1448 ‚
1683 1405 1806 1449 quot-

539 1480 634 1507 nam
669 1477 814 1506 corum
855 1465 938 1515 post
972 1463 1149 1515 singulos
1183 1475 1304 1503 annos
1338 1462 1565 1502 remansura
1615 1460 1689 1499 sint
1742 1460 1804 1498 in-

540 1541 684 1583 tegra,
736 1540 776 1570 nt
829 1529 973 1567 modus
1024 1527 1395 1579 quo‘huiusmodi
1451 1525 1580 1564 tabula
1630 1523 1801 1563 construi

539 1594 656 1647 poffit
679 1623 689 1640 ‚
731 1591 960 1631 adhucdum
996 1590 1251 1630 desideratur.
1350 1589 1564 1629 Doce-bunt
1612 1588 1801 1639 equidem

540 1656 694 1696 tabulae
730 1652 948 1695 mortuales
985 1665 1204 1693 numerum
1243 1663 1325 1692 tam
1364 1653 1552 1691 virorum
1579 1662 1698 1702 quam
1722 1651 1803 1690 flic-

541 1721 765 1772 minarumffl
786 1719 868 1771 post
901 1716 1076 1766 fingulos
1107 1730 1229 1757 annos
1262 1717 1551 1768 superstitum3
1595 1715 1654 1753 scd
1691 1725 1804 1753 vter-

542 1797 620 1838 que
671 1794 863 1823 numerus
913 1780 1160 1833 compositus
1209 1783 1286 1820 erit
1332 1792 1381 1819 ex
1434 1779 1608 1819 viduatis
1659 1788 1699 1816 et
1753 1789 1803 1817 ex

542 1848 759 1899 connuptis
811 1849 873 1885 ieu
926 1845 1010 1895 iis,
1061 1847 1129 1896 qui
1183 1847 1410 1885 etiamnum
1446 1844 1484 1882 in
1523 1844 1619 1883 statu
1659 1842 1803 1881 matri-

544 1909 710 1951 moniali
749 1909 931 1959 viuunt3
967 1908 1111 1960 singuli
1147 1918 1284 1948 autem
1320 1908 1358 1947 ni
1397 1908 1558 1948 numeri
1593 1918 1687 1946 cum
1727 1905 1802 1944 sint

545 1975 703 2028 penitus
736 1973 957 2024 incogniti,
1009 1972 1175 2024 analyfis
1209 1973 1431 2025 requiritur
1454 2003 1464 2021 ‚
1516 1983 1593 2022 qua
1644 1969 1799 2010 definiri

545 2037 687 2094 poffint
722 2047 838 2090 atque
875 2035 967 2081 hacc
1002 2037 1172 2090 analysis
1205 2049 1253 2076 ex
1292 2046 1374 2076 arte
1430 2034 1675 2075 coniectandi
1732 2043 1803 2082 pe-

1687 2094 1798 2134 tenda
