2008 2735
540 160 629 217 ιη.
835 163 937 210 DE
991 159 1501 244 ‘DVRATIONE

535 288 760 335 *Vtrumque
815 282 1177 323 matrimoniorum
1230 292 1353 333 genus
1382 314 1393 334 ‚
1449 282 1603 322 ratione
1652 293 1797 326 eorum

535 347 759 390 durationis
793 348 939 401 quouis
976 357 1159 400 tempore
1194 347 1355 399 insuper
1387 347 1650 400 expectandae
1671 380 1681 400 ,
1736 352 1801 390 ia-

536 412 733 462 tercedit,
771 421 957 466 appareat
1055 412 1172 452 Haud
1205 412 1406 463 exiguum
1441 412 1493 452 cst
1529 412 1629 453 istud
1663 414 1802 454 discri-

537 488 664 525 men,
703 477 911 529 maiusque
945 477 1134 516 futurum
1171 476 1328 527 fuisset,
1370 475 1397 515 si
1432 475 1554 515 simul
1590 478 1693 517 ratio
1729 478 1802 519 ha-

532 540 611 580 bz'ta
645 539 774 580 fuisset
808 540 945 580 auctae
980 541 1021 579 in
1056 541 1156 580 viris
1191 540 1450 581 mortalitatis
1479 550 1597 594 atque
1618 543 1714 584 adeo
1733 544 1804 584 ad-

535 603 683 645 hibitae
717 602 873 644 fui-ssent
926 604 1080 645 tabulae
1133 606 1354 645 mortuales
1376 635 1386 654 ,
1435 606 1578 660 quibus
1631 617 1802 661 vterque

532 669 645 711 sexus
677 669 723 710 ab
759 669 938 709 inuicem
971 670 1234 721 distinguitur
1269 670 1607 723 superstitumque
1655 683 1805 711 nume⁶

531 746 602 775 rus
634 734 681 775 de
717 734 820 774 viris
851 744 971 786 atque
1005 736 1052 775 de
1086 735 1272 775 foeminis
1307 734 1467 775 seorsim
1504 735 1714 776 indicatur.

686 799 719 848 §.
758 812 830 840 20.
874 798 1004 841 Lubet
1053 798 1222 851 denique
1270 800 1402 852 paucis
1453 799 1806 851 comparationem

532 863 638 905 inter
661 874 885 918 Vtrumque
912 863 1279 904 matrimoniorum
1299 875 1422 915 genus
1450 863 1686 914 instituere;
1723 865 1810 917 pri·

534 931 654 970 m‘um
673 939 757 981 quo
774 929 892 969 ambo
909 929 1097 979 coniuges
1119 927 1298 967 ciusdem
1319 928 1409 968 sunt
1429 928 1590 977 aetatis,
1623 927 1804 970 alterum

535 1004 616 1044 quo
647 993 816 1032 maritus
844 1002 972 1032 vxorc
1000 990 1147 1042 viginti
1169 992 1283 1029 annis
1310 993 1441 1031 maior
1462 993 1649 1044 ponitur3
1684 1003 1805 1046 atque

530 1055 583 1095 slc
617 1055 664 1095 de
697 1056 812 1097 omni
842 1056 940 1097 statu
962 1055 1098 1094 medio
1115 1053 1258 1106 absque
1280 1065 1428 1105 magno
1448 1066 1584 1094 errore
1605 1055 1803 1096 iudicium

531 1120 630 1160 ferre
662 1130 856 1174 poterunt
889 1118 960 1173 qui
996 1130 1122 1160 nouos
1155 1117 1328 1158 calculos
1364 1118 1637 1158 reformidant.

679 1181 730 1240 a)
769 1186 832 1226 De
856 1183 1009 1223 diucria
1028 1183 1237 1224 duratione
1259 1182 1390 1222 media
1409 1194 1485 1236 pro
1501 1180 1692 1220 ambobus
1713 1194 1803 1222 ma-

532 1249 831 1291 trimoniorum
851 1248 1059 1300 generibus
1078 1249 1160 1288 iam
1180 1248 1376 1288 diximus.
1429 1247 1491 1287 Ita
1518 1235 1629 1283 terbi
1657 1246 1804 1296 gratia,

532 1325 638 1355 vxor
661 1324 713 1364 55
738 1325 941 1355 annorum
961 1313 1056 1354 viro
1085 1313 1264 1353 eiusdem
1295 1311 1431 1351 aetatis
1458 1318 1583 1361 nupta
1613 1321 1692 1349 non
1721 1307 1803 1349 sine

532 1380 687 1420 ratione
706 1379 773 1420 fibi
794 1379 1004 1432 promittit
1024 1375 1281 1417 matrimonii
1304 1375 1362 1415 sui
1390 1373 1649 1415 durationem
1674 1373 1806 1414 altero

533 1452 647 1485 tanto
665 1443 1046 1496 longiorem,quam
1067 1440 1095 1481 fi
1119 1450 1246 1494 nupta
1266 1439 1560 1487 fueritviro75
1585 1450 1803 1479 annorum.

687 1505 727 1562 b)
762 1507 804 1550 Si
837 1506 934 1547 duas
953 1506 1156 1558 fingamus
1175 1506 1376 1555 ciuitates,
1396 1515 1572 1557 quarum
1592 1502 1714 1542 altera
1731 1515 1804 1541 an-

531 1571 693 1612 nuatim
719 1580 807 1619 500
830 1571 1090 1610 matrimonia
1122 1569 1248 1621 primi
1275 1569 1453 1622 generis,
1478 1567 1601 1606 altera
1630 1565 1802 1606 totidem

531 1635 795 1675 matrimonia
822 1633 981 1674 secundi
1009 1634 1164 1684 generis
1189 1632 1482 1679 subministret,
1516 1629 1659 1669 ciuitas
1689 1631 1802 1683 prior

531 1699 760 1740 numerabit
792 1712 809 1737 1
826 1708 943 1747 1917
965 1698 1239 1748 matrimonia,
1259 1696 1381 1737 altera
1405 1707 1484 1736 non
1504 1693 1577 1734 nisi
1603 1699 1686 1742 895
1701 1701 1721 1736 8
1745 1694 1803 1746 (§.

534 1774 552 1802 1
567 1761 628 1817 3.)
644 1763 674 1804 ss
695 1763 815 1804 modo
835 1772 1005 1817 Vtraque
1022 1763 1165 1805 ciuitas
1184 1763 1224 1802 in
1246 1762 1344 1802 statu
1366 1761 1435 1801 suo
1464 1770 1697 1812 permanere
1727 1770 1804 1811 po-

531 1839 664 1869 natur.
687 1827 920 1882 Loquimur
938 1836 1076 1868 autem
1094 1826 1142 1867 de
1159 1826 1356 1878 coniugiis
1373 1826 1419 1865 ab
1438 1834 1611 1878 vtroque
1628 1824 1802 1875 coniuge

533 1895 669 1946 prima
693 1892 782 1934 vice
813 1892 953 1944 initiS,
985 1903 1086 1947 quae
1119 1892 1262 1946 vtique
1298 1891 1532 1931 maximum
1575 1899 1799 1930 numerum

533 1958 795 1998 constituunt.

686 2023 728 2073 c)
765 2023 894 2065 Porro
917 2034 996 2065 vna
1020 2023 1238 2078 eademque
1261 2020 1403 2063 ciuitas
1419 2054 1430 2073 ‚
1465 2031 1565 2075 quae
1590 2016 1800 2060 annuatim

541 2095 630 2135 500
652 2088 917 2129 matrimonia
938 2089 1065 2143 primi
1083 2088 1238 2141 generis
1257 2086 1550 2129 subministrare
1570 2082 1700 2137 possit,
1720 2093 1801 2122 non

536 2151 686 2208 poterit
704 2152 810 2196 vltra
841 2164 926 2206 372
949 2155 1138 2212 coniugia
1157 2154 1314 2197 secundi
1345 2152 1502 2210 generis
1533 2147 1803 2217 suppeditare,

1714 2221 1810 2268 ΨΜ
