2008 2735
603 194 690 240 560
950 188 1066 232 DE
1132 189 1512 235 GLACIE

598 301 647 342 sis
668 333 678 351 ,
713 302 948 357 Magnesia,
990 304 1122 347 Wall.
1154 305 1257 347 Min.
1294 321 1332 362 p.
1369 315 1474 356 345.
1558 306 1627 347 An
1662 306 1761 349 haec
1793 307 1859 350 vi-

599 369 740 409 cinitas
775 369 868 409 ferri
905 369 1086 420 rubigine
1119 369 1291 422 glaciem
1328 372 1480 411 inducit
1504 400 1514 420 ‚
1547 373 1608 412 vti
1639 373 1685 412 ab
1717 372 1862 414 humi-

596 432 648 472 do
682 444 834 486 vapore
869 432 1069 475 mollescit
1113 445 1154 475 et
1201 431 1518 488 corrumpitur?
1565 435 1695 490 Supra
1743 439 1860 489 dixi,

599 505 749 537 terram
785 497 1013 539 martialem
1038 529 1050 549 ,
1103 498 1244 550 glaciei
1280 501 1429 542 mariae
1463 511 1586 553 purae
1608 532 1620 552 ‚
1673 501 1863 543 refracta·

598 561 717 612 tiae,
747 561 789 602 in
837 561 1045 603 crucibulo
1091 563 1301 612 additam,
1349 565 1555 616 disponere
1611 564 1763 612 illam,
1813 575 1862 606 vt

598 623 700 665 fluat
727 657 738 677 ,
787 635 909 680 atque
960 628 1001 667 in
1054 628 1215 668 vitrum
1252 626 1387 668 multo
1419 627 1540 669 citius
1572 639 1860 671 commutetur.

599 689 735 733 Arena
768 701 865 731 cum
899 689 1028 745 glacie
1060 691 1198 734 nullibi
1234 692 1443 733 inuenitur
1477 694 1701 735 coniuncta.

752 785 820 828 Ex
852 788 1168 831 antecedentibus
1201 787 1324 839 fluit,
1357 786 1509 830 Glaciei
1546 788 1699 831 Mariae
1733 788 1866 828 varie-

603 857 702 890 tates
757 850 939 908 multas,
989 853 1200 897 necessario
1245 853 1384 895 debere
1435 852 1520 895 else.
1620 853 1686 896 En
1719 863 1867 895 eorum

600 914 837 958 summam!

602 1026 674 1069 Est
718 1031 762 1078 a)
795 1028 949 1073 Glacies
982 1032 1131 1072 mariae
1166 1035 1207 1073 in
1246 1034 1400 1085 magnis
1433 1032 1562 1073 frustis
1583 1062 1595 1082 ,
1640 1043 1740 1086 pura
1762 1062 1773 1081 ,
1806 1031 1870 1072 fu·
1917 1056 1921 1060 κ

855 1108 929 1136 mo
963 1095 1091 1135 veluti
1123 1096 1377 1148 conspurcata
1401 1126 1411 1143 ‚
1445 1096 1592 1143 diuisa,
1628 1097 1767 1147 aequei
1799 1107 1871 1134 co·-

857 1158 977 1209 loris,
1012 1161 1205 1198 omnium
1240 1161 1396 1210 optima
1431 1168 1549 1208 atque
1585 1159 1763 1209 pretiosa.
1801 1156 1871 1197 Est

720 1235 760 1294 b)
795 1238 951 1283 Glacies
988 1239 1136 1280 mariae
1171 1240 1254 1280 alba
1277 1270 1288 1288 ,
1324 1236 1477 1277 nullius
1512 1238 1748 1287 momenti,
1786 1243 1873 1277 rna-

860 1304 1037 1344 turitatis
1069 1313 1211 1358 vtpote
1247 1304 1473 1343 terminum
1511 1302 1590 1341 iam
1620 1300 1873 1355 supergressa,

859 1370 901 1409 in
939 1369 1197 1422 putredinem
1235 1379 1392 1423 prona,
1445 1366 1672 1407 {ubstantiae
1708 1367 1874 1419 proinde

860 1431 971 1473 laxae
993 1464 1005 1484 ,
1040 1433 1212 1474 minime
1246 1431 1445 1487 diaphana
1468 1462 1480 1482 ‚
1521 1429 1682 1472 friabilis
1704 1461 1715 1480 ,
1766 1430 1875 1472 inae-

861 1498 1035 1551 qualiter
1065 1496 1287 1540 diuifibilis.
1354 1496 1459 1539 Haec
1508 1495 1625 1551 plane
1674 1495 1874 1536 abiicitur.

861 1561 1051 1607 Habetur.

723 1644 761 1704 e)
793 1646 950 1692 Glacies
985 1650 1133 1691 mariae
1170 1648 1313 1691 viridis
1337 1679 1349 1700 ,
1381 1645 1449 1689 vel
1480 1661 1573 1691 cum
1608 1647 1746 1688 virore
1778 1660 1874 1703 opa-

862 1727 906 1755 ca
926 1744 938 1764 ‚
971 1714 1088 1755 instar
1123 1713 1225 1755 vitri
1257 1712 1466 1765 vulgaris,
1503 1714 1635 1754 minus
1667 1711 1874 1766 diaphana.

863 1779 968 1820 Haec
1002 1779 1168 1832 quidem
1201 1777 1443 1831 colligitur,
1477 1777 1542 1820 sed,
1571 1777 1710 1818 viliori
1744 1777 1877 1831 pretio

865 1842 1068 1885 venditur.
1136 1843 1207 1885 Est

727 1925 771 1986 d)
805 1926 966 1972 Glacies
1001 1929 1150 1970 mariae
1184 1929 1440 1981 rubiginosa,
1472 1928 1652 1980 rubigine
1685 1939 1774 1969 oras
1807 1938 1878 1967 ex-

870 2002 1017 2034 tremas
1050 2003 1295 2047 occupante,
1328 1995 1376 2037 de
1409 2005 1486 2046 qua
1521 1994 1603 2032 iam
1626 1993 1724 2032 dixi.
1791 1991 1878 2032 Ple·

863 2058 958 2102 belis
991 2056 1121 2102 solum
1159 2058 1202 2100 in
1238 2059 1356 2101 vsum
1390 2057 1505 2105 oedit.
1573 2057 1788 2100 lnuenitur

1705 2169 1742 2226 e)
1777 2168 1879 2226 Glaq
1914 2161 1918 2165 ⁴
