2008 2735
558 144 614 178 80
766 136 867 176 DE
929 133 1581 179 COMPARATIONE

554 261 621 287 re:
657 260 730 301 pro
765 247 951 299 integrali
985 249 1094 288 enim
1128 247 1329 303 completa
1364 249 1508 292 sufficit
1542 259 1686 293 vtvna
1708 262 1802 295 con-

554 312 651 352 stans
684 312 887 352 arbitraria
921 313 1213 354 introducatur.

1009 436 1360 495 SchoHon.

707 534 779 573 55.
813 524 853 566 Si
887 539 923 566 m
957 535 996 565 et
1033 538 1053 565 n
1094 526 1168 567 sint
1215 528 1377 566 numeri
1430 528 1585 568 modice
1636 531 1770 580 magni
1795 559 1808 580 ,

554 599 676 629 nemo
710 598 816 630 certe
849 589 1127 644 aequationem
1168 591 1428 642 algebraicam
1468 593 1571 631 inter
1619 605 1647 632 x
1697 602 1736 631 et
1771 604 1806 643 y

552 651 763 693 euolutam
799 653 1025 695 exhibebit:
1077 666 1171 695 cum
1203 656 1314 694 enim
1356 664 1416 694 tot
1465 654 1810 695 eliminationibus

554 715 603 756 sit
656 728 788 769 opuS,
822 719 983 759 euidens
1024 719 1094 768 est,
1135 718 1181 758 ad
1215 719 1490 771 aequationem
1527 718 1808 772 plurimorum

556 782 834 820 terminorum
858 814 869 833 ‚
915 783 956 821 in
1004 794 1080 834 qua
1121 782 1329 822 variabiles
1370 794 1398 821 x
1430 791 1522 832 ety
1555 782 1600 821 ad
1633 783 1810 821 summas

552 844 819 884 dimensiones
850 845 1066 895 exsurgant
1089 875 1099 894 ‚
1135 844 1342 896 perueniri
1378 853 1575 898 oportere.
1674 846 1813 898 Atque

553 908 652 947 adeo
686 909 726 947 in
761 908 848 948 casu
884 906 1142 961 problematis
1180 920 1217 955 3.
1253 907 1319 947 vbi
1355 907 1408 947 est
1440 921 1576 949 m:2
1614 917 1653 948 et
1670 920 1753 948 n:
1774 920 1812 959 i,

555 981 677 1009 nemo
720 970 832 1009 facile
884 971 1174 1010 eliminationis
1224 982 1327 1022 opus
1377 971 1568 1022 perficiet.
1669 972 1813 1025 Neque

552 1044 653 1072 vcro
701 1031 774 1075 hoc
806 1034 927 1073 etiam
959 1044 1061 1084 opus
1103 1033 1156 1072 est
1178 1062 1189 1081 ‚
1221 1044 1317 1071 cum
1352 1033 1398 1071 ad
1434 1034 1615 1072 nostrum
1653 1036 1817 1076 institu-

555 1105 646 1136 tum
684 1095 853 1139 sufficiat
885 1094 1084 1137 ostendiffe
1106 1126 1117 1146 ‚
1151 1096 1429 1148 aequationem
1462 1096 1702 1147 integralem
1737 1097 1811 1137 esse

553 1158 813 1209 algebraicam
838 1192 848 1212 ‚
895 1162 1058 1214 eiusque
1091 1160 1428 1201 construetionem
1463 1161 1711 1209 geometrice
1745 1161 1814 1200 ab·

555 1223 654 1264 solui
690 1225 828 1277 poffe3
865 1233 1022 1264 tantum
1055 1225 1166 1263 enim
1201 1225 1333 1272 abest,
1376 1232 1422 1260 vt
1455 1221 1603 1261 alienae
1638 1222 1813 1263 variabi-

555 1286 610 1326 les
644 1299 682 1338 q,
718 1303 756 1340 r,
788 1302 808 1329 s
838 1298 909 1330 etc.
942 1300 1042 1342 quae
1075 1289 1115 1328 in
1146 1287 1362 1328 subsidium
1399 1286 1488 1325 sunt
1507 1294 1696 1335 vocatae,
1732 1286 1814 1326 cal·

554 1350 696 1391 culum
735 1355 924 1403 turbent,
976 1353 1142 1406 ideoque
1176 1348 1378 1390 eliminari
1413 1348 1573 1388 debeant
1596 1381 1607 1398 ,
1657 1358 1703 1390 vt
1739 1363 1813 1402 po·

557 1416 639 1453 tius
672 1415 717 1455 ad
751 1416 1086 1457 construffloncm
1120 1413 1332 1453 commode
1364 1412 1643 1453 instituendam
1703 1413 1813 1453 abso-

558 1476 640 1515 lute
676 1477 751 1518 fint
786 1480 1025 1519 neccffiiriae.
1101 1478 1239 1529 Atque
1274 1476 1368 1517 haec
1399 1476 1487 1516 sunt
1520 1477 1598 1516 fere
1629 1487 1726 1529 quae
1759 1476 1808 1515 de

554 1540 691 1586 curuis
716 1572 726 1591 ,
759 1555 932 1594 quarum
966 1538 1198 1580 rectificatio
1230 1539 1301 1577 hac
1334 1539 1534 1577 formulaz

899 1611 912 1627 ἢ

775 1610 1439 1681 ,tux-pflg-zzq-CEEZ-:Dz’q-Eff)

553 1710 805 1763 exprimitur
827 1742 837 1761 ‚
891 1712 989 1750 tradi
1025 1724 1168 1763 operae
1202 1714 1381 1765 pretium
1418 1713 1624 1754 videbatur
1647 1744 1657 1763 ‚
1709 1725 1810 1766 quae

554 1786 603 1812 eo
638 1774 803 1814 redeunt
825 1805 837 1821 ,
888 1785 934 1813 vt
968 1786 1107 1814 earum
1141 1788 1253 1815 arcus
1288 1778 1390 1816 inter
1427 1777 1459 1816 se
1495 1779 1655 1831 perinde
1690 1789 1808 1829 :itque

556 1849 670 1877 arcus
703 1838 912 1879 circulares
948 1840 1172 1892 comparari
1209 1851 1384 1894 queant3
1428 1839 1620 1893 siquidem
1657 1853 1806 1893 propo-

558 1900 633 1939 sito
684 1914 773 1942 arcu
827 1914 1065 1955 quocunque
1119 1903 1226 1952 AB,
1268 1917 1287 1943 a
1326 1905 1475 1956 puneto
1508 1908 1600 1945 dato
1633 1904 1661 1943 P
1693 1914 1806 1944 arcus

557 1965 721 2003 abscindi
757 1965 943 2018 possunt,
977 1968 1046 2018 qui
1082 1969 1127 2009 ad
1164 1967 1283 2007 illum
1320 1970 1517 2007 rationem
1553 1977 1707 2007 teneant
1741 1979 1806 2005 ra·

558 2026 750 2069 tionalem
786 2041 1076 2085 quamcunque.
1174 2030 1480 2075 Consideremus
1514 2033 1642 2085 igitur
1679 2030 1802 2068 ctiam

1647 2103 1803 2146 curuas,
