2008 2735
477 195 564 233 292
755 176 855 219 DE
920 174 1457 220 EXCEPTIONE

468 297 592 336 Tom.
631 293 754 335 vul.
788 306 822 347 p.
861 297 962 340 358.
997 292 1055 333 scd
1093 293 1258 346 spiritus
1293 293 1381 333 vini
1413 292 1521 333 idem
1572 300 1734 333 conten·

466 372 532 401 tus
582 362 621 400 in
673 370 800 413 paruo
845 357 1033 409 cylindro
1073 367 1239 409 vitreo,
1291 356 1487 398 immerso
1517 357 1740 407 bullienti,

469 425 585 465 nulio
622 423 743 463 medo
778 422 825 463 ad
859 421 1122 462 bullitionem
1160 422 1323 475 perduci
1361 423 1509 475 potuit.
1578 419 1741 474 Explo-

467 489 637 528 randum
673 497 778 526 nunc
820 497 941 538 erat,
991 495 1137 525 vtrum
1188 486 1411 528 diflerentia
1459 486 1639 537 caloris,
1700 492 1742 526 et

465 564 609 606 quanta
644 552 903 593 intercederet
939 553 1044 592 inter
1080 548 1116 590 S.
1155 549 1206 590 V.
1243 552 1292 593 R.
1329 554 1371 593 in
1426 552 1619 604 cylindro
1668 560 1743 588 cu·

462 630 562 672 preo
593 616 659 658 bul
681 618 830 658 {entem
855 648 866 667 ,
919 625 960 656 et
995 615 1035 655 in
1070 613 1257 666 cylindro
1292 628 1417 669 paruo
1474 618 1609 656 vitreo
1660 614 1745 653 im-

465 683 599 724 m2rso
620 712 632 729 ,
688 695 768 722 non
801 680 1058 722 bullientem.
1153 677 1481 721 Thermometro
1515 681 1710 722 immerso
1732 709 1745 729 ,

465 747 595 799 reperi
631 746 907 788 differentiam
940 755 1116 799 quatuor
1150 745 1370 796 graduum.
1437 744 1596 787 Scilicet
1651 742 1745 785 bul-

465 811 567 852 liens
598 809 635 852 S.
674 811 723 854 V.
760 812 808 854 R.
849 814 896 862 40
931 809 1098 850 calidior
1131 819 1218 850 erat
1239 840 1250 860 ,
1284 822 1407 862 quam
1443 822 1523 850 non
1559 806 1746 859 buliens,

462 877 711 918 adsceiderat
746 877 858 915 enim
896 875 1122 916 mercurius
1155 875 1201 915 ad
1236 877 1408 926 gradum
1459 877 1529 920 36.
1582 883 1745 913 tantum

464 941 506 980 in
540 938 730 990 cylindro
765 952 891 993 paruo
951 940 1098 979 vitreo.
1198 939 1350 979 Habuit
1401 939 1529 990 igitur
1582 937 1747 991 spiritus

467 1003 558 1043 vini
593 1001 946 1043 rectificatiffimus
981 1003 1119 1042 eadem
1154 1001 1428 1052 phaenomena
1450 1033 1461 1052 ,
1519 1016 1562 1043 ac
1611 1014 1711 1055 aqua
1735 1031 1747 1052 ,

466 1064 544 1107 hoc
581 1075 740 1106 tanturn
777 1079 874 1107 cum
909 1064 1140 1106 discrimine
1162 1093 1173 1112 ‚
1225 1066 1331 1116 quod
1364 1065 1586 1104 differentia
1635 1066 1749 1106 calo·

465 1132 522 1172 ris
557 1131 690 1171 minor
713 1161 724 1182 ‚
776 1143 900 1183 quam
937 1130 976 1169 in
1013 1140 1111 1182 aqua
1148 1126 1254 1167 effct.
1356 1126 1511 1167 Praeter
1545 1126 1620 1168 hoc
1655 1127 1747 1167 flui-

466 1196 566 1236 dum
591 1226 602 1245 ‚
635 1195 799 1235 nullum
836 1194 944 1235 aliud
982 1206 1002 1233 a
1038 1205 1105 1233 me
1149 1190 1413 1244 exploratum
1449 1192 1590 1231 cadem
1626 1204 1747 1232 mon-

465 1259 604 1299 strauit
659 1256 935 1311 phaenomena
961 1287 972 1309 ,
1024 1257 1087 1296 vti
1140 1256 1420 1309 experimenta
1480 1266 1605 1308 porro
1635 1254 1746 1295 mihi

467 1322 646 1363 instituta
679 1322 896 1364 ostendent.

608 1385 787 1439 Sp‘ritus
831 1386 920 1425 vini
968 1382 1140 1437 gallicus
1188 1382 1363 1439 bulliens
1413 1382 1567 1434 Ωιᾶυς,
1618 1382 1748 1428 effecit

468 1451 635 1505 quidem
671 1451 802 1494 alium
841 1450 881 1490 in
917 1449 1052 1489 medio
1090 1447 1269 1502 positum
1304 1461 1463 1504 quoque
1504 1448 1746 1491 bullientem

469 1517 556 1569 post
593 1528 769 1568 paruum
806 1525 971 1566 tempus
1006 1513 1301 1565 interiedtum3
1360 1513 1525 1553 interim
1557 1513 1747 1555 differen-

469 1581 525 1619 tia
559 1577 704 1620 caloris
738 1579 841 1618 inter
875 1587 1100 1629 vti-umque
1131 1578 1398 1620 ebullientem
1436 1578 1477 1618 in
1512 1581 1600 1618 vate
1655 1591 1745 1619 ma·

466 1642 546 1684 iori
581 1652 620 1684 ct
652 1643 803 1684 minori
840 1641 1205 1696 deprehendebatur
1236 1646 1392 1686 :12⁰-

607 1707 786 1763 Spiritus
820 1708 907 1748 vini
943 1706 1107 1747 rufficus
1140 1709 1322 1749 melioris
1356 1715 1471 1748 notae
1489 1706 1595 1748 idem
1619 1705 1746 1761 phae->

468 1782 694 1813 nomenum
732 1773 925 1827 praebuit.
1027 1772 1191 1816 Scilicet
1225 1773 1350 1814 nctus
1382 1771 1435 1812 est
1490 1780 1531 1810 et
1582 1771 1647 1812 hic
1701 1774 1742 1813 in

466 1836 657 1887 cylindro
707 1850 835 1890 paruo
881 1846 1123 1887 contentiffi,
1177 1849 1217 1879 et
1263 1838 1321 1877 'in'
1357 1836 1546 1888 cylindro
1596 1837 1742 1878 maiori

468 1900 619 1952 positus
651 1901 845 1943 ebulliens
867 1933 877 1953 ,
937 1902 982 1941 ab
1015 1901 1231 1943 ebulliente
1266 1902 1307 1941 in
1342 1902 1429 1941 vase
1462 1901 1616 1941 maiore
1648 1913 1746 1942 con-

471 1972 584 2003 tento
606 1997 617 2015 ,
651 1979 776 2019 paruo
809 1968 1007 2019 temporis
1042 1968 1168 2020 spatio
1203 1966 1424 2009 interiecto.
1502 1965 1744 2008 Differentia

469 2026 609 2068 caloris
646 2033 854 2083 vtriusque
888 2030 1092 2075 bullientis
1125 2042 1210 2075 erat
1245 2031 1324 2073 fere
1354 2029 1530 2087 aequalis
1558 2030 1742 2085 superio·

468 2094 504 2135 ti
527 2123 538 2144 ,
569 2092 714 2136 scilicet
754 2099 839 2147 13⁰.
1123 2115 1127 2119 >

1644 2154 1741 2210 Spi-
