2008 2735
471 157 564 195 294
729 138 856 190 ,DE
924 135 1474 193 EXCEPTIONE

624 257 778 298 Orcum
829 256 967 297 Petrae
1015 255 1265 298 destinatum
1319 257 1425 297 circa
1461 255 1637 308 gradum
1671 267 1741 306 90,

470 327 586 378 supra
622 336 658 363 0.
693 320 838 361 bullire
869 321 1015 374 coepit.
1051 370 1054 372 ,
1100 321 1149 364 ln
1183 321 1372 362 omnibus
1408 320 1514 362 hisce
1546 320 1646 361 oleis
1678 334 1744 361 re-

470 389 627 431 censltlb
661 386 768 427 calor
803 387 843 425 in
877 385 1094 426 bullitione
1126 387 1361 427 continuata
1393 386 1530 427 auCtus
1563 386 1618 426 est
1641 417 1652 437 ‚
1680 388 1744 429 vti

471 466 632 508 quoque
664 450 916 493 consistentia
950 462 1090 491 eorum
1122 461 1162 491 et
1192 450 1306 493 color
1328 454 1598 492 mutabantur.
1650 451 1746 493 Dif-

473 513 636 560 ferentia
686 514 831 555 caloris
882 516 987 556 inter
1040 524 1256 569 vtramque
1305 515 1591 558 ebullitionem
1645 516 1747 558 vasis

474 585 639 623 maioris
673 590 712 620 et
750 582 921 621 minoris
955 578 1144 620 oleorum
1180 581 1475 623 adcuratiffime
1513 579 1619 623 mihi
1672 594 1747 623 no-

473 648 547 688 tari
584 659 663 688 non
698 648 836 698 potuit
870 647 921 698 ob
952 643 1191 686 celeriorem
1230 648 1420 688 mercurii
1461 648 1502 687 in
1558 644 1748 687 thermo-

473 723 609 754 metro
641 711 881 762 adscensum.
974 711 1181 751 Existimo
1217 721 1352 752 tamen
1386 724 1407 752 a
1441 723 1541 751 vero
1576 712 1648 751 vix
1683 723 1751 752 me

474 777 782 827 aberraturum,
817 775 844 816 fi
882 780 1055 830 ponam,
1090 775 1354 816 differentiam
1392 777 1497 816 inter
1532 786 1589 822 ῖς
1613 785 1654 816 et
1678 789 1749 819 20.

473 842 686 884 contineri.
773 841 988 882 Sufficiant
1022 840 1142 881 huius
1174 841 1329 892 generis
1364 841 1643 894 experimenta
1679 854 1754 895 pro

475 906 595 960 scopo
628 906 787 956 nostrO,
820 906 913 959 quia
946 905 1113 945 euentus
1144 904 1327 946 aliorum
1360 905 1474 947 facile
1504 917 1611 946 nunc
1634 919 1754 961 prae·

476 972 623 1012 videri-
644 968 782 1022 potest.

630 1053 705 1094 Sed
758 1051 901 1092 restant
943 1049 1031 1090 'alia
1062 1049 1213 1091 ¹adhuc
1264 1053 1541 1104 experimenta
1593 1054 1634 1093 in
1667 1055 1756 1099 vast:

481 1116 616 1158 clauso
667 1116 775 1157 fieta.
877 1114 1097 1156 Nimirum
1133 1127 1278 1168 aquam
1314 1116 1552 1156 bullientem
1589 1116 1631 1156 in
1666 1117 1756 1160 vast:

479 1179 622 1222 clauso
646 1180 785 1221 multo
821 1179 1023 1220 maiorem
1054 1178 1197 1219 caloris
1230 1182 1400 1230 gradum
1421 1181 1630 1221 adsumere
1650 1181 1756 1233 poffe

479 1255 520 1286 et
554 1245 708 1295 solere,
744 1243 1019 1296 phaenomena
1053 1244 1264 1283 machinae
1300 1244 1536 1296 Papinianae
1573 1244 1663 1283 satis
1691 1245 1759 1284 su-

480 1320 634 1364 perque
666 1308 1005 1347 demonstrarunt.
1074 1306 1244 1348 Metalla
1275 1317 1389 1347 enim
1414 1337 1426 1358 ‚
1460 1306 1680 1359 plumbum
1717 1318 1758 1350 et

481 1375 666 1415 stannum
701 1385 722 1412 a
757 1371 889 1412 calore
922 1370 1130 1412 bullientis
1162 1382 1286 1425 aquae
1327 1371 1370 1412 in
1413 1370 1519 1412 dieta
1572 1370 1759 1415 machina

481 1439 595 1488 ,fundi
630 1436 744 1491 poffe
768 1436 931 1487 constat.

635 1519 748 1560 Nam
785 1520 874 1572 quis
909 1521 1072 1572 ignorat
1107 1523 1330 1574 generatim
1351 1553 1364 1575 ‚
1404 1533 1552 1575 aquam
1586 1519 1765 1562 bullien-

486 1594 570 1627 tem
602 1595 652 1625 eo
685 1584 852 1624 maioris
885 1584 1030 1626 caloris
1062 1585 1151 1627 fieri
1186 1599 1370 1643 capacem
1395 1617 1406 1637 ‚
1439 1599 1522 1640 quo
1557 1586 1687 1626 maior
1706 1585 1761 1627 est

485 1648 787 1702 atmosphacrsse
823 1650 963 1703 pressio
984 1682 995 1702 ‚
1046 1651 1222 1706 adeoque
1255 1666 1338 1706 quo
1368 1651 1487 1692 altior
1534 1651 1764 1692 mercurius

485 1716 528 1756 in
584 1715 682 1755 tubo
734 1714 1036 1756 Torricelliano
1089 1726 1186 1759 tunc
1253 1716 1461 1772 temporis!
1509 1715 1584 1756 tsse
1650 1714 1758 1756 solet.

487 1778 632 1835 Quum
659 1777 798 1831 ‘igitur
829 1779 1039 1821 elasticitas
1080 1781 1183 1822 ae‘ris
1233 1793 1274 1824 et
1325 1792 1529 1836 vaporum
1585 1781 1625 1820 in
1674 1781 1763 1821 vase

487 1844 620 1885 clauso
654 1844 811 1884 mirum
846 1847 887 1886 in
923 1846 1094 1887 modum
1130 1858 1352 1896 augeatur:
1387 1848 1475 1901 quis
1493 1845 1762 1900 est,quinon

486 1909 620 1950 videat
642 1908 743 1948 hanc
762 1908 1038 1953 elasticitatem
1062 1913 1245 1964 preffioni
1267 1913 1372 1953 aeris
1394 1913 1597 1952 maximae
1622 1910 1762 1963 aequi-

488 1973 641 2028 pollere
674 1973 843 2028 debere;
901 1977 1075 2033 adeoque
1107 1978 1283 2022 calorem
1319 1978 1476 2020 mirum
1510 1977 1553 2018 in
1587 1975 1762 2018 modum

489 2050 652 2094 quoque
688 2051 846 2093 augere.

1659 2139 1763 2199 Cepi
