2008 2735
469 174 593 234 ‘414
789 175 889 217 DE
956 170 1511 216 PORMATIONE

499 298 649 350 septem
674 324 684 343 ‚
718 291 851 330 immo
885 288 979 330 06ἰο
1008 289 1171 330 dierum
1207 288 1283 330 alia
1319 289 1518 342 superent,
1551 288 1740 341 quamuis
1762 318 1772 338 ,

503 359 612 414 quod
663 356 790 406 magis
840 354 1074 394 mirandum
1127 353 1199 394 effe
1250 358 1418 405 emico,
1468 354 1640 404 omnia,
1692 350 1773 392 siue

503 424 677 465 tardiora
711 420 859 461 fuerint
895 428 1081 472 tempore
1136 419 1420 470 incubatorio,
1486 417 1569 459 siue
1610 429 1775 473 praeco-

505 490 565 530 cia
589 519 599 538 ‚
633 486 695 524 die
730 483 931 536 vigesimo
966 485 1105 536 primo
1138 482 1316 524 absoluto
1343 516 1354 535 ,
1387 496 1457 523 nee
1492 482 1604 523 facile
1640 482 1776 536 prius,

506 552 534 593 si
570 561 709 605 paucas
740 548 859 590 horas
896 547 1077 599 largiaris
1098 580 1109 600 ‚
1144 549 1406 589 maturescant
1439 557 1607 596 tamen,
1649 552 1777 588 tetum

506 628 584 670 que
617 614 843 656 excludant.
918 611 1056 654 Situm
1093 624 1272 653 ouorum
1310 612 1375 654 sub
1407 611 1554 664 gallina
1589 611 1780 652 incuban·

508 691 545 721 te
582 679 761 720 multum
797 677 874 718 huc
908 682 1088 718 conterre
1131 686 1265 730 puto,
1322 678 1503 718 maxime
1538 689 1631 716 cum
1690 676 1781 718 inde

508 745 631 787 simul
667 743 917 794 intelligatur
940 773 951 793 ‚
1000 754 1078 796 qua
1114 741 1270 796 ratione
1306 741 1501 782 retardata
1536 753 1614 781 oua
1666 753 1782 782 com-

511 809 660 863 penlari
685 840 695 860 ‚
754 818 795 849 et
830 807 1032 861 praecocia
1062 805 1234 846 limitari
1273 806 1447 858 poilint3
1505 818 1597 845 nam
1631 805 1785 844 duran-

513 884 554 914 te
604 873 852 914 incubatione
902 870 1100 923 gallinam
1150 871 1300 923 saepius
1351 867 1597 923 deprehendi
1648 878 1786 910 totum

515 939 659 978 nidum
695 946 873 976 euertere
905 947 983 974 non
1018 933 1098 972 sine
1131 935 1294 987 strepitu
1331 945 1370 975 et
1411 934 1546 987 aliquo
1594 932 1789 984 clamore,

515 1001 612 1039 adeo
648 1010 691 1039 rt
725 1001 911 1040 inferiora
946 997 1096 1036 {ursuni
1122 1028 1132 1046 ,
1185 1001 1390 1049 luperiora
1432 999 1616 1039 deorsum
1673 1011 1789 1040 com-

520 1073 794 1111 mone-„tntum
847 1060 1075 1113 laepiusque
1130 1059 1201 1098 liae
1255 1061 1456 1100 occasione
1509 1063 1689 1114 accidit,
1743 1071 1791 1101 vt

520 1139 598 1167 oua
637 1127 730 1166 nido
763 1126 1032 1167 extrudantur
1067 1132 1106 1162 et
1151 1126 1398 1174 frangantur.
1479 1122 1636 1164 Deinde
1691 1136 1792 1163 τοῖο

521 1191 757 1244 plurimum
808 1199 962 1241 quoque
1015 1188 1268 1228 contribuere
1320 1187 1632 1237 animaduerti,
1684 1188 1792 1241 quod

521 1253 653 1308 Perill.
712 1251 896 1293 Hallerus
947 1251 1204 1301 obscrtmiit,
1246 1251 1407 1290 varium
1443 1249 1615 1300 gallinae
1651 1250 1691 1289 in
1725 1250 1795 1289 sno
1833 1272 1835 1274 -

522 1316 709 1358 instinctu
746 1318 964 1356 feruorem.
1065 1315 1184 1357 Aliae
1215 1315 1326 1353 enim
1365 1313 1453 1353 sunt
1475 1343 1486 1364 ,
1527 1313 1670 1366 quibus
1703 1312 1795 1353 nul-

522 1383 612 1423 lum
648 1381 815 1421 cubandi
849 1379 1025 1421 studium
1061 1380 1115 1420 cst
1139 1411 1149 1429 ‚
1191 1390 1291 1432 quae
1324 1378 1492 1430 pingues
1527 1380 1615 1418 sunt
1648 1389 1688 1419 et
1723 1390 1795 1418 ru-

523 1449 594 1487 bro
631 1446 785 1499 pce-‘tine
819 1455 1017 1485 ornantur
1040 1475 1050 1494 ,
1102 1442 1173 1483 hae
1209 1455 1284 1483 oua
1320 1444 1502 1483 deterunt
1524 1474 1534 1493 ‚
1586 1452 1625 1481 ct
1662 1442 1689 1482 si
1726 1455 1795 1483 co-

527 1522 680 1564 guntur
713 1522 755 1549 ea
793 1519 928 1549 tamen
962 1509 1035 1547 xix
1070 1507 1336 1558 calefaciunt3
1385 1507 1483 1548 aliae
1524 1518 1663 1547 autem
1701 1519 1796 1561 prae

528 1577 714 1628 cupidine
746 1573 916 1613 cubandi
951 1573 1110 1613 vietum
1148 1573 1391 1624 negligunt,
1443 1581 1482 1611 ct
1529 1571 1638 1624 quasi
1691 1574 1796 1613 febre

527 1641 685 1680 ardente
721 1637 979 1687 laborarent,
1021 1647 1108 1677 toto
1141 1650 1309 1691 corpore
1344 1645 1498 1687 vrum,
1547 1637 1652 1676 wide
1684 1637 1796 1678 breui

530 1706 782 1745 eliialclelmul·
805 1734 815 1753 ,
853 1702 1085 1754 perstineque
1116 1713 1331 1752 notantur,
1365 1702 1470 1755 quod
1508 1701 1636 1753 x‘ulgo
1673 1703 1797 1742 etiam

532 1781 677 1809 notum
712 1767 764 1806 est
787 1799 797 1818 ‚
832 1766 919 1807 albo
941 1799 951 1818 ‚
985 1767 1193 1807 conti·a‹sto
1214 1797 1224 1817 ‚
1275 1768 1453 1808 exsucco.
1555 1766 1671 1807 Circa
1701 1778 1799 1807 mc·

530 1835 646 1874 dium
681 1843 781 1883 ergo
814 1833 904 1873 dico
953 1831 1060 1872 diem
1111 1833 1315 1882 tertium,
1367 1831 1431 1872 vel
1483 1830 1606 1884 paulo
1657 1833 1801 1884 prius,

534 1898 598 1940 rel
655 1897 774 1949 paulo
824 1897 947 1936 serius
998 1896 1114 1936 status
1168 1895 1400 1947 einbryonis
1442 1893 1679 1937 huiusmodi
1715 1896 1802 1946 est,

536 1960 694 2016 qualem
730 1974 833 2001 nunc
868 1960 1066 2003 continuo
1097 1961 1323 2002 describam.
