2008 2735
502 207 591 246 304
762 191 851 234 DE
918 189 1494 235 ELECTRICITATE

497 310 660 358 laam-03
715 308 817 348 vnde
870 305 1116 348 constructio
1166 308 1495 349 barometrorum
1547 309 1771 353 lucentium

498 388 561 415 ras
595 384 678 414 cr·it
700 403 710 422 ‚
760 383 859 424 quae
893 384 973 411 non
1010 372 1050 412 in
1088 371 1351 426 physicorum
1389 373 1578 427 potestate
1616 375 1773 428 posita,

499 440 560 482 sed
591 439 692 480 cal‘ui
730 436 988 490 relinquenda
1036 447 1157 487 erat,
1209 439 1431 492 vsquedum
1484 440 1550 478 sub
1605 440 1775 481 initium

499 505 623 544 huius
657 502 775 543 seculi
812 502 998 542 summus
1033 512 1240 554 geometra
1276 503 1356 544 [oh.
1394 502 1582 545 Bernoulli
1612 505 1683 546 diu
1705 507 1776 546 de-

500 568 710 610 sideratam
747 566 1025 620 methodum,
1067 566 1308 609 conficiendi
1343 570 1568 611 barometra
1601 570 1776 612 lucentia

499 637 714 686 detegeret.

651 720 684 769 ξ.
722 728 763 765 3.
802 717 1063 760 Manifestum
1099 718 1153 760 est
1186 730 1236 759 ex
1268 718 1466 761 methodo
1501 718 1574 761 hac
1604 715 1774 760 Bcrnoul-

504 785 609 828 liana
632 816 643 836 ,
675 781 899 824 artificium
935 784 1182 825 construendi
1217 786 1418 826 eiusmodi
1454 785 1678 825 barometra
1718 794 1784 822 to-

509 860 602 892 tum
635 862 683 889 eo
717 849 885 900 reduci,
918 858 965 889 vt
996 862 1017 890 a
1051 851 1148 890 tubo
1178 850 1316 890 vitreo
1349 851 1420 905 qui
1456 850 1667 893 adhibetur
1700 848 1784 888 sor-

507 917 574 957 des
607 925 749 954 omnes
785 913 858 967 ipsi
894 912 1149 953 adhaerentes
1182 914 1352 954 sollicite
1395 915 1691 968 detergantur,
1744 922 1786 952 ac

511 978 740 1020 mercurius
772 979 867 1019 bene
902 977 1119 1030 depuratus
1150 979 1193 1018 in
1225 979 1347 1018 vsum
1380 990 1549 1020 vocetur
1576 1012 1586 1032 ,
1633 977 1789 1033 praeci-

511 1054 594 1097 pue
626 1054 725 1085 vero
756 1054 805 1082 eo
841 1040 1076 1094 respiciatur
1098 1072 1109 1092 ,
1163 1051 1210 1081 vt
1244 1051 1329 1081 tam
1364 1043 1485 1082 tubus
1513 1057 1640 1096 quarn
1679 1053 1791 1083 mer-

513 1109 647 1155 curius
679 1105 849 1147 sollicite
881 1104 1110 1156 siccentur,
1162 1103 1354 1158 nulleque
1412 1106 1504 1159 ipsis
1549 1107 1792 1146 adhaerente

516 1171 765 1218 humiditate
802 1172 1006 1223 inquinata
1041 1170 1127 1211 sint.
1213 1170 1380 1222 Regalis
1415 1172 1497 1212 istis
1526 1170 1791 1212 conformiter

517 1237 745 1277 barometra
778 1234 953 1276 lucentia
991 1234 1111 1275 hodie
1146 1236 1200 1274 ita
1233 1234 1378 1275 confici
1410 1235 1537 1275 solent
1561 1264 1572 1283 ‚
1607 1244 1655 1275 vt

665 1315 707 1363 α)
743 1317 898 1356 interna
933 1315 1019 1355 tubi
1051 1313 1309 1356 barometrici
1344 1310 1572 1366 superficies
1591 1311 1637 1351 ab
1660 1309 1798 1351 omni-

518 1385 591 1426 bus
624 1381 801 1423 sordibus
834 1379 1054 1432 diligenter
1090 1387 1287 1432 purgetur
1307 1408 1321 1429 ,
1356 1377 1493 1417 immo
1525 1374 1555 1416 si
1588 1388 1692 1431 opus
1712 1376 1802 1417 fue-

522 1449 579 1490 rit
613 1447 756 1502 spiritu
794 1446 884 1486 vini
922 1445 1081 1486 feruido
1109 1443 1310 1485 abluatur.

676 1526 724 1575 b)
760 1524 991 1567 Mercurius
1025 1522 1259 1565 adhibeatur
1293 1520 1510 1566 destillatus
1532 1553 1545 1573 ,
1578 1522 1648 1575 qui
1680 1522 1803 1576 quip-

527 1605 576 1648 pe
611 1590 848 1648 purissimus
880 1591 935 1631 est
970 1588 1183 1629 habendus.

675 1656 717 1709 c)
754 1654 872 1696 Dum
908 1654 1086 1710 repletur
1119 1653 1327 1695 mercurio
1360 1653 1509 1703 tubus,
1559 1651 1606 1692 ad
1657 1650 1806 1694 ebulli-

532 1723 686 1763 tionem
720 1721 914 1762 mercurii
952 1732 1074 1774 vsque
1109 1718 1225 1772 super
1256 1718 1491 1759 carbonibus
1526 1715 1590 1756 hic
1626 1716 1806 1766 calefiat,

530 1788 604 1829 hac
624 1786 736 1827 enim
759 1787 912 1825 ratione
938 1816 948 1836 ,
984 1785 1014 1826 si
1050 1796 1153 1838 quae
1187 1783 1426 1824 adhaereant
1460 1783 1669 1823 mercurio
1690 1814 1700 1834 ‚
1735 1790 1806 1821 aut

531 1856 568 1895 se
603 1851 905 1892 introduxerint
939 1850 978 1890 in
1013 1850 1157 1891 tubum
1182 1880 1196 1900 ‚
1230 1846 1444 1904 particulae
1478 1859 1647 1901 aqueae,
1697 1848 1806 1901 quod

534 1929 674 1958 canere
707 1915 1009 1958 difficillimum
1045 1916 1131 1967 est,
1181 1915 1223 1954 in
1267 1925 1435 1967 vapores
1486 1911 1682 1954 resolutae
1734 1924 1806 1953 ex-

535 1982 755 2038 pelluntur.

690 2061 721 2108 §.
758 2077 799 2109 4·
836 2060 952 2102 Noua
986 2061 1248 2115 postmodum
1284 2058 1434 2099 dctesta
1469 2059 1522 2099 est
1557 2057 1806 2097 baromctro-

538 2135 635 2166 rum
673 2127 930 2180 proprietas,
978 2127 1123 2167 itidem
1172 2138 1251 2167 non
1303 2124 1493 2165 omnibus
1543 2119 1809 2168 communis,

1750 2184 1809 2223 scd
