2008 2735
344 150 717 196 PERTVRBATI
755 148 1177 192 PLANETARVM.
1303 156 1386 194 141

127 278 306 309 cometae
331 300 340 316 ,
398 268 592 321 ρυῃᾶιιῐῐι
628 264 665 305 Α
697 262 1021 305 commodissimc
1061 262 1098 302 in
1134 271 1273 302 centro
1307 258 1398 300 solis

129 335 340 388 capietur:
401 332 454 372 iin
489 342 622 372 autern
663 330 981 383 perturbationes
1015 327 1054 366 in
1093 337 1209 367 motu
1250 325 1365 365 lunae
1390 357 1400 376 ,

133 400 198 438 vel
235 399 336 438 :111115
372 398 549 451 planctae
584 396 800 436 secundarii
837 394 957 435 mehe
992 391 1152 432 definiri
1207 393 1399 439 debe-anu

134 474 225 502 tuni
260 463 457 517 punc‘tum
493 463 528 501 A
567 461 605 499 in
640 470 780 500 centro
815 469 940 499 terrae
977 457 1041 497 vel
1080 458 1259 510 planetae
1313 456 1400 509 pri-

135 528 254 567 marii
290 528 414 580 accipi
449 534 639 580 oportet,
694 525 748 566 ita
784 535 829 564 vt
866 525 928 563 vis
961 533 1108 575 corpus
1143 520 1401 576 propositum

135 589 174 634 Z
209 592 253 632 ad
289 595 325 633 A
361 590 509 644 pellens
545 589 716 644 reliquas
753 591 858 629 vires
882 620 892 639 ‚
943 588 1087 641 quibus
1123 586 1201 628 hoc
1255 596 1403 639 corpus

137 655 256 696 simul
293 667 462 709 vroctur
487 687 498 705 ,
533 655 717 696 multum
752 655 921 708 superet.

720 767 826 809 XII.

293 849 335 891 Si
386 862 531 904 corpus
577 845 614 890 Z
660 848 731 890 hac
767 849 845 890 sola
883 849 924 889 vi
964 845 1177 903 principali
1213 844 1406 887 sollicita-

137 925 284 964 retur,
328 928 474 969 corpus
507 915 679 955 omnino
713 913 953 965 regulariter
989 914 1093 952 circa
1129 911 1330 964 punc‘tum
1367 907 1407 949 A

141 981 182 1019 in
228 979 394 1019 sectione
430 979 564 1017 conica
600 976 882 1017 reuoluerctur
904 1007 914 1026 ‚
965 976 1082 1030 idque
1118 985 1316 1028 perpetuo
1368 972 1409 1010 in

137 1043 276 1082 eodem
315 1042 466 1094 plano,
500 1041 550 1079 ita
586 1050 631 1080 vt
662 1041 1032 1094 quomodocunque
1067 1038 1235 1093 planum
1272 1037 1409 1078 fixum

138 1103 275 1148 BAY
310 1107 558 1159 acciperetur
582 1136 592 1154 ‚
646 1116 773 1159 neque
809 1106 849 1145 in
885 1104 989 1145 linea
1023 1105 1226 1146 nodorum
1282 1112 1409 1155 neque

140 1171 181 1210 in
219 1167 477 1210 inclinatione
512 1181 694 1224 vnquam
730 1168 817 1211 vlla
852 1172 1032 1212 mutatio
1084 1171 1294 1219 oriretur3
1347 1168 1412 1207 iu-

144 1234 265 1274 terim
301 1243 434 1275 tamen
468 1233 646 1275 calculus
681 1233 761 1275 sine
795 1234 916 1276 dubio
948 1233 1269 1288 fiiuplicissimus
1315 1242 1414 1271 eua-

144 1299 253 1339 deret
275 1326 285 1346 ,
343 1297 371 1337 si
409 1297 578 1350 planum
613 1298 748 1339 fixum
784 1300 824 1339 in
861 1300 944 1354 ipso
982 1299 1102 1353 plano
1137 1309 1274 1339 motus
1308 1297 1416 1336 acci-

147 1371 323 1416 peretur.
411 1361 567 1402 Verum
626 1362 654 1402 si
693 1373 829 1403 motus
864 1367 908 1406 ab
942 1365 1024 1404 alio
1055 1375 1225 1418 corpore
1259 1359 1414 1402 coelesti

148 1426 406 1479 perturbetur
433 1457 442 1475 ‚
493 1426 777 1479 cuiusquidem
816 1437 981 1467 motum
1020 1428 1059 1467 in
1095 1427 1168 1469 hac
1202 1427 1417 1478 inuestiga-

149 1491 256 1528 tionc
293 1500 486 1542 tanquam
535 1492 749 1541 cognitum
802 1491 946 1531 aflumi
1001 1503 1195 1545 oportet,
1248 1489 1418 1544 planum

148 1552 284 1594 fixum
337 1554 708 1595 conuenientissime
758 1566 854 1594 cum
906 1555 1038 1595 orbita
1091 1555 1203 1596 illius
1237 1555 1420 1608 corporis

149 1616 420 1672 perturbantis
450 1630 674 1671 congruens
706 1620 902 1661 sumetur.
966 1618 1028 1660 Ita
1074 1619 1102 1659 fi
1148 1620 1421 1673 perturbatio·

147 1693 215 1722 nes
252 1681 370 1721 lunae
403 1695 424 1722 a
460 1683 538 1724 sole
572 1685 767 1724 oriundae
800 1694 1045 1738 quaerantur
1066 1714 1077 1736 ‚
1119 1684 1289 1738 planum
1323 1683 1422 1725 ecli-

153 1748 281 1801 pticae
302 1777 312 1796 ,
360 1746 400 1786 in
455 1760 537 1802 quo
571 1747 626 1789 sol
661 1761 711 1788 cx
744 1758 849 1789 terra
885 1759 1075 1802 tanquam
1111 1761 1249 1790 centro
1283 1758 1422 1791 motus

155 1812 196 1851 A
233 1812 390 1851 moueri
424 1814 602 1853 cernitur
624 1846 634 1865 ‚
668 1814 774 1854 dabit
810 1812 980 1866 planum
1015 1813 1150 1854 fixum
1185 1812 1345 1865 BAY3
1381 1821 1423 1853 et

156 1888 177 1915 a
212 1886 451 1930 quocunque
484 1877 567 1920 alio
598 1891 769 1932 corpore
805 1878 1055 1931 perturbatio
1097 1878 1299 1919 efficiatur
1321 1909 1331 1928 ,
1384 1877 1424 1917 id

158 1939 351 1994 planum,
401 1942 443 1981 in
493 1956 578 1996 quo
630 1943 706 1985 hoc
757 1954 905 1996 corpus
954 1955 1005 1982 ex
1039 1953 1179 1983 centro
1212 1951 1348 1983 motus
1383 1945 1424 1985 A

158 2005 319 2044 moueri
352 2007 554 2057 cernitur,
584 2010 661 2049 crit
695 2007 944 2059 eligendum.
1010 2008 1069 2047 At
1104 2007 1132 2047 s1
1169 2006 1246 2050 hoc
1278 2019 1426 2063 corpus

158 2068 295 2123 ipsum
330 2082 409 2110 uon
446 2071 486 2114 in
521 2074 660 2115 eodem
704 2072 829 2128 plano
882 2082 1104 2114 moueatur
1129 2103 1140 2124 ,
1193 2082 1284 2114 tum
1338 2073 1427 2128 pla-

758 2136 783 2178 S
820 2146 843 2185 3
1326 2151 1427 2179 num
