2008 2735
419 188 614 233 MEDIA
662 186 1203 232 MATRIMONIORVM.
1348 195 1364 221 ι
1381 196 1431 233 ¹9

170 303 259 347 satis
291 314 470 344 accurate
503 302 771 356 explicabunt.
872 300 1149 355 Exemplum,
1188 298 1296 352 quoii
1330 309 1433 339 nunc

172 369 358 421 afferam,
388 369 504 408 instar
537 367 726 407 omnium
763 366 852 406 erit.

325 465 518 505 Putemus
553 474 658 502 noua
695 462 789 502 iniri
848 463 1107 502 matrimonia
1160 462 1263 501 inter
1314 462 1436 513 quin«

173 538 309 580 gentas
343 527 519 578 virgines
554 525 728 578 singulas
765 526 911 578 viginti
947 538 1066 566 annos
1102 535 1206 566 natas
1242 525 1438 566 totidem-

171 603 249 647 que
280 592 390 632 viros
423 591 683 644 quadraginta
719 603 932 631 annorum.
1034 590 1098 631 Sic
1156 591 1232 629 erit
1284 599 1436 629 iterum

173 667 381 706 71:5003
417 665 509 695 tum
546 667 645 696 vero
698 655 922 708 inquirendi
978 656 1149 695 veniunt
1200 655 1362 693 numeri
1418 666 1437 693 s

171 731 210 760 et
244 730 260 760 t
297 722 381 774 post
416 718 592 772 fingulos
633 718 783 772 elaplos
832 730 953 759 annos
1006 719 1088 759 siue
1140 719 1301 759 numeri
1354 728 1438 759 tam

174 786 363 824 virorum
422 796 546 837 quam
602 784 872 825 foeminarum
927 785 1217 838 superstitum5
1270 793 1438 837 vterque

175 860 370 887 numerus
404 848 508 888 facili
544 847 765 887 admodum
799 846 955 888 calculo
990 849 1199 888 inuenitur
1249 860 1326 902 ope
1378 847 1440 888 se-

173 911 321 952 cundae
357 910 569 951 columnae
621 911 776 952 tabulae
829 913 979 952 nostrae
1032 910 1284 966 paragrapho
1330 911 1440 952 sexto

173 988 377 1016 annexae:
435 976 601 1015 Etenim
639 986 830 1013 numerus
866 984 882 1013 t
919 974 1123 1015 obtinetur
1155 975 1345 1015 sumendo
1379 976 1443 1014 di·

174 1040 352 1079 midium
386 1039 565 1076 cuiusuis
602 1037 763 1075 numeri
800 1038 841 1076 in
875 1038 1046 1090 praefata
1079 1039 1269 1079 columna
1305 1038 1442 1077 sccun-

172 1103 221 1142 da
257 1100 458 1153 expressi‚·
491 1100 518 1139 si
554 1100 692 1141 deinde
728 1099 796 1140 iste
832 1112 1027 1140 numerus
1059 1102 1254 1143 dimidius
1292 1101 1441 1141 multi-

171 1163 346 1220 plicetur
380 1176 450 1217 per
488 1166 550 1213 ¹32³?
572 1195 584 1214 ,
619 1162 829 1204 habebitur
864 1177 1060 1205 numerus
1095 1179 1137 1217 s;
1181 1166 1249 1206 ista
1302 1177 1442 1207 autem

174 1227 469 1280 multiplicatio
502 1229 589 1269 ideo
622 1229 794 1275 facienda
825 1230 880 1271 est
901 1261 913 1281 ,
959 1231 1052 1283 quia
1085 1241 1280 1270 numerus
1322 1233 1444 1272 viro·

175 1303 270 1332 rum
307 1292 544 1343 primitiuus
576 1292 818 1347 supponitur
852 1305 1027 1342 :5002
1061 1305 1179 1348 atque
1212 1293 1261 1334 fic
1288 1296 1443 1335 forma-

174 1357 285 1395 bitur
318 1354 508 1394 columna
543 1355 704 1397 secunda
739 1370 814 1410 pro
848 1361 948 1399 viris
982 1369 1102 1412 atque
1130 1360 1317 1400 foeminis
1336 1372 1441 1414 quo·

178 1421 239 1458 vis
273 1430 377 1457 anno
409 1418 693 1471 superstitibus.
789 1421 862 1459 His
897 1423 1065 1473 peractis
1100 1424 1340 1465 formabitur
1373 1436 1444 1463 co-

175 1482 319 1521 lumna
354 1483 470 1521 tertia
496 1512 507 1531 ,
539 1494 639 1535 quae
675 1483 938 1524 matrimonia
973 1485 1128 1525 residua
1164 1487 1311 1528 indicat
1335 1519 1345 1538 ‚
1376 1487 1443 1526 su-

176 1555 327 1596 mendo
358 1567 432 1606 pro
462 1556 610 1606 quouis
642 1568 747 1595 anno
788 1558 1056 1608 quantitatem
1109 1546 1166 1609 ἴτ’.
1251 1560 1441 1612 Denique

170 1627 314 1673 quarta
346 1629 388 1656 ac
420 1618 561 1671 quinta
595 1617 785 1658 columna
808 1648 819 1667 ,
869 1632 967 1673 quae
1018 1632 1239 1661 numerum
1295 1624 1444 1663 viduo-

171 1696 269 1724 rum
305 1692 345 1720 ac
379 1682 598 1722 viduarum
635 1682 808 1724 indicant
830 1712 841 1732 ‚
883 1684 1173 1724 construuntur
1207 1686 1442 1727 subtrahen-

171 1749 224 1789 do
258 1757 478 1788 numerum
513 1747 878 1786 matrimoniorum
923 1747 1179 1789 residuorum
1221 1763 1241 1789 a
1295 1763 1444 1791 nume-

176 1825 225 1852 ro
257 1810 446 1850 virorum
483 1809 549 1849 vel
584 1823 604 1849 a
642 1823 815 1849 numero
850 1810 1121 1853 foeminarum
1166 1815 1440 1866 superstitum.

178 1875 386 1916 Numeros
418 1885 556 1915 autem
593 1873 762 1914 vltimos
784 1905 794 1924 ‚
847 1875 892 1915 ad
924 1886 1023 1928 quos
1059 1877 1189 1916 tabula
1227 1878 1442 1919 mortualis

178 1937 382 1979 Halleiana
416 1952 494 1978 non
532 1939 749 1992 pertingit,
779 1941 967 1991 quamuis
1003 1951 1072 1992 per
1107 1941 1142 1980 se
1177 1940 1328 1982 nullius
1362 1944 1441 1984 fere

178 2003 257 2044 sint
289 2004 518 2052 momenti,
555 2014 685 2043 tamen
719 2003 912 2046 addendos
947 2004 1117 2059 aliisque
1152 2004 1294 2046 tabulis
1325 2020 1441 2050 mor-

179 2065 353 2107 tualbus
384 2066 703 2125 superstruendos
743 2067 852 2109 duxi.

1406 2167 1441 2209 1.
