2008 2735
309 1525 364 1559 De
386 1522 514 1560 theoria

312 1576 511 1612 Generatio-

311 1627 361 1659 nis
397 1629 518 1662 anima·

310 1675 390 1710 lium
419 1690 522 1723 gene·

311 1732 518 1765 tanmem-

311 1775 389 1811 ditio
423 1781 518 1816 theo-

310 1830 379 1864 riae
420 1844 520 1876 gene-

310 1881 444 1916 rationis

311 1929 501 1978 plantarum

313 1992 397 2026 quae
414 1983 488 2017 saci-

310 2033 370 2066 lius
399 2037 490 2084 expi-

311 2083 424 2119 scatur.

540 206 635 250 404
825 189 927 236 DE
994 191 1544 238 FORMATIONE

539 318 695 363 praeter
729 305 852 347 dietas
886 305 1086 358 generales
1120 305 1374 350 tbrmationis
1411 307 1513 361 leges
1546 319 1588 350 et
1638 320 1807 362 genera-

537 372 727 414 liffimam
761 371 809 412 de
843 380 936 412 ortu
972 371 1014 412 in
1043 384 1214 424 corpore
1249 373 1413 415 animali
1447 374 1576 416 cordis
1628 375 1806 429 vasisque

536 435 766 478 ramificatis
789 468 799 488 ,
829 447 927 478 cum
964 433 1038 476 illo
1071 435 1279 478 necessario
1312 441 1504 480 connexis
1528 469 1538 488 ‚
1593 440 1802 482 notione-m

533 513 661 555 neque
694 513 769 554 ego
806 513 930 555 neque
963 500 1169 555 quisquam
1207 502 1310 543 alius
1362 505 1465 556 quod
1515 504 1594 544 scio
1617 535 1627 554 ‚
1681 506 1806 546 vilius

531 577 585 607 ex
634 564 798 608 diuet-fis
851 564 1062 620 partibus,
1114 565 1258 618 quibus
1305 568 1457 609 animal
1507 570 1806 623 componitur,

531 631 822 674 formationem
855 628 1060 685 explicare
1092 629 1270 684 suscepit.

681 728 712 778 ξ.
753 741 794 768 2.
842 727 1031 769 Primum
1083 726 1220 780 itaque
1253 724 1490 769 huiusmodi
1522 726 1804 783 disquisitionis

534 790 734 843 specimen
769 790 1064 834 Illustriffimae
1097 792 1337 833 Academiae
1372 804 1477 833 nunc
1511 794 1646 834 offero.
1725 792 1806 833 Ca-

534 855 667 897 nalem
704 858 987 898 intestinorum
1021 857 1062 897 iu
1098 856 1180 913 ipsa
1214 859 1279 897 {ua
1313 856 1473 909 origine
1523 857 1621 898 adeo
1665 856 1807 909 depre-

535 917 707 962 hendisse
743 931 844 974 puto
864 952 875 972 ,
910 932 957 962 vt
977 952 988 971 ‚
1022 932 1098 974 qua
1131 920 1288 962 ratione
1321 932 1372 960 ex
1407 922 1555 974 primis
1586 922 1659 962 suis
1691 923 1807 974 prin-

536 983 654 1035 cipiis
702 985 893 1032 oriatur,
943 994 983 1023 et
1041 985 1089 1024 ad
1145 984 1306 1037 plenam
1347 984 1651 1027 adolescentiam
1689 995 1810 1039 vsque

536 1045 740 1087 succeffiue
774 1047 1008 1102 perficiatur
1029 1076 1040 1095 ‚
1073 1059 1278 1100 exponere
1309 1059 1454 1098 queam
1481 1078 1493 1096 ,
1555 1060 1595 1088 ct
1631 1050 1809 1102 quidem,

537 1109 646 1162 quod
679 1122 728 1151 eo
765 1112 892 1164 magis
926 1120 1135 1161 acceptum
1170 1108 1253 1150 fore
1290 1110 1405 1161 spero
1438 1121 1614 1161 expertis
1646 1122 1810 1152 naturie

535 1173 820 1215 scrutatoribus
841 1206 852 1224 ‚
903 1186 954 1215 ex
986 1175 1076 1214 solis
1108 1174 1187 1215 fere
1220 1173 1556 1214 obseruationibus
1579 1205 1590 1225 ‚
1643 1174 1710 1214 wel
1747 1185 1805 1214 ta-

535 1247 632 1276 men
664 1249 717 1278 ex
751 1236 1124 1293 propositionibus,
1175 1248 1275 1289 quae
1327 1235 1560 1276 immediate
1612 1246 1807 1289 tanquam

532 1299 745 1342 corollaria
778 1314 829 1342 ex
863 1301 1200 1343 obseruationibus
1233 1298 1505 1349 deducuntur,
1524 1308 1635 1350 tota,
1667 1310 1810 1353 quate-

533 1376 610 1405 nus
643 1376 934 1418 proponetur,
983 1365 1031 1405 de
1066 1363 1308 1406 formatione
1349 1363 1635 1405 intestinorum
1689 1363 1811 1407 theo-

533 1430 594 1471 ria
627 1431 859 1472 concinnata
892 1428 986 1473 erit.

683 1527 718 1577 §.
756 1537 796 1577 3.
845 1527 1080 1579 Antequam
1134 1533 1273 1567 autem
1312 1523 1360 1565 ad
1394 1523 1492 1578 ipsas
1525 1521 1595 1563 has
1625 1524 1810 1567 obserua-

539 1592 669 1632 tiones
704 1591 893 1644 transeo,
938 1590 1232 1632 accuratiorem
1268 1588 1391 1645 paulo
1420 1598 1663 1641 conceptum
1698 1601 1812 1630 meae

539 1655 795 1710 disquitionis
829 1656 1089 1712 praemittere
1122 1655 1272 1706 liceat,
1323 1655 1487 1706 eiusque
1534 1654 1810 1695 conditionem

541 1729 582 1761 et
648 1732 838 1762 naturam
890 1721 1025 1776 paucis
1070 1721 1202 1761 verbis
1251 1729 1458 1773 exponere.
1559 1717 1609 1758 In
1661 1718 1811 1771 plantis

540 1786 627 1827 dixi
652 1817 664 1837 ,
697 1785 867 1828 diuersas
890 1818 901 1838 ‚
931 1786 1074 1841 quibus
1104 1792 1411 1839 componuntur
1431 1813 1443 1834 ‚
1491 1791 1622 1835 partes
1651 1783 1812 1834 egregie

540 1850 725 1903 analogas
761 1850 831 1892 fibi
864 1851 938 1891 effe
960 1882 973 1904 ,
1010 1854 1117 1894 vnde
1149 1848 1301 1891 facilius
1333 1846 1662 1900 cognoscerentur
1686 1878 1697 1896 ,
1738 1858 1810 1899 ge⁴

541 1914 718 1970 neslSque
766 1928 908 1958 earum
960 1926 1186 1959 erueretur.
1286 1912 1401 1955 Haud
1452 1922 1601 1962 magno
1644 1911 1810 1962 ingenio

539 1990 642 2031 opus
695 1980 749 2021 est
770 2011 782 2031 ,
829 1991 878 2021 vt
913 1981 1004 2034 quis
1036 1981 1172 2021 videat
1193 2008 1207 2030 ‚
1260 1976 1489 2032 praesertim
1527 1975 1568 2015 in
1603 1973 1812 2015 nonnullis

535 2044 720 2095 plantis,
770 2044 952 2097 calycem
1002 2058 1023 2086 a
1069 2043 1177 2085 foliis
1232 2042 1388 2085 modice
1421 2050 1581 2081 tantum
1616 2038 1810 2088 differre,

532 2106 737 2164 illumque
757 2139 768 2161 ,
802 2120 849 2151 vt
881 2110 995 2154 breui
1028 2110 1159 2153 dicam
1181 2139 1193 2161 ‚
1223 2106 1332 2149 nihil
1365 2105 1476 2147 aliud
1510 2104 1677 2160 proprie
1710 2101 1809 2206 effes:

1732 2177 1772 2205 ru
