2008 2735
351 508 430 544 Eius
459 505 540 553 figu-

563 197 654 240 430
846 183 948 228 DE
1017 182 1567 230 FORMATIONE

560 315 681 343 acum
716 312 875 356 quoque
911 299 1160 343 subtiliorem
1195 299 1380 342 admittit
1404 331 1415 353 ‚
1447 301 1545 342 adeo
1566 331 1576 351 ‚
1610 312 1656 342 vt
1692 300 1836 344 orificii

562 378 705 420 margo
740 365 889 408 cleu-ari
925 367 1055 420 possit.

715 497 748 545 ξ.
788 504 860 544 51.
898 495 1049 547 Figura
1084 492 1179 536 haec
1210 495 1324 536 souea
1358 494 1487 536 oualis
1523 494 1600 535 fere
1634 497 1685 537 est
1707 528 1718 547 ‚
1775 497 1841 537 su·

562 573 684 615 perne
717 570 758 602 et
797 560 933 601 versus
970 560 1074 601 latus
1105 560 1234 599 amnii
1268 560 1390 612 spurii
1438 562 1614 601 ventrale
1669 563 1840 602 rotunda

431 632 487 656 '5’
520 635 523 640 '
561 638 601 668 et
637 625 758 667 latior
785 653 797 675 ‚
831 625 1015 666 deorsum
1051 636 1151 666 vero
1186 623 1326 664 sensim
1359 625 1560 677 angustior
1583 657 1593 676 ‚
1655 637 1693 667 ct
1729 628 1843 667 deni-

561 704 640 746 que
677 695 718 732 in
752 686 935 732 suturam
968 690 1096 731 amnii
1132 688 1328 730 excurrit.
1397 690 1502 731 Haec
1537 689 1683 743 fone-1,
1726 690 1843 733 sicuti

561 764 650 799 area
684 754 885 811 pellucida
920 763 961 796 et
995 755 1182 797 amnium
1219 755 1407 809 spurium
1453 754 1631 808 figuram
1686 758 1844 798 affecta-

561 821 654 863 bant
687 821 953 874 embryonis‚
1007 818 1196 862 similiter
1233 819 1327 861 situi
1368 829 1409 862 et
1453 819 1607 873 figurae
1649 822 1843 872 embryo-

563 887 658 937 nis,
707 886 774 927 vel
818 888 946 926 amnii
998 887 1124 940 spurii
1173 886 1430 936 conformis,
1485 885 1548 926 est.
1647 884 1842 939 Suptrior

563 951 678 991 enim
712 959 752 989 et
781 951 959 990 anterior
994 953 1130 991 foueae
1167 962 1280 1004 pam,
1314 963 1436 1003 quam
1475 949 1665 990 latiorem
1702 962 1741 990 et
1780 948 1849 990 ro-‘

567 1014 734 1053 tundam
766 1012 839 1052 effe
872 1014 959 1053 dixi
981 1043 992 1063 ‚
1045 1015 1169 1066 capiti
1205 1014 1411 1065 respondet
1446 1015 1682 1065 embryonis
1708 1044 1718 1064 ‚
1780 1014 1849 1056 vel

566 1077 736 1129 vaginae
769 1076 940 1130 capitis3
978 1089 1064 1129 pars
1097 1077 1264 1117 inferior
1296 1076 1459 1127 angusta
1491 1079 1657 1116 caudam
1698 1080 1846 1129 refert,

567 1144 704 1185 eiusne
740 1139 1039 1192 inuolucrum3
1078 1153 1220 1193 margo
1256 1140 1391 1180 foueae
1426 1138 1610 1191 sinister,
1645 1141 1714 1193 qui
1750 1154 1848 1182 con-

567 1216 697 1247 vexus
730 1206 783 1246 est
806 1234 817 1255 ,
869 1204 1014 1245 fimilis
1047 1204 1100 1245 est
1133 1201 1247 1244 lateri
1285 1201 1417 1243 bullae
1451 1202 1593 1243 dorfiili
1627 1214 1667 1242 ct
1703 1216 1850 1256 margo

567 1270 736 1323 denique
770 1270 912 1311 dexter
948 1268 1122 1309 inflexus
1156 1267 1272 1309 lateri
1311 1265 1483 1307 ventrali
1520 1265 1758 1317 embryom's
1809 1275 1850 1308 et

568 1334 694 1375 amnii
731 1330 853 1387 spurii
891 1332 1109 1387 respondet.
1194 1331 1321 1374 Sicuti
1361 1340 1486 1383 porro
1520 1331 1708 1371 amnium
1753 1333 1849 1386 spu-

567 1400 680 1440 rium
716 1407 758 1439 et
790 1397 871 1453 ipse
909 1399 1016 1439 intus
1056 1396 1228 1448 embryo
1278 1405 1472 1436 curuatus
1521 1394 1606 1445 est3
1659 1397 1714 1436 ita
1765 1407 1849 1438 tota

567 1465 680 1505 souea
717 1475 878 1517 quoque
913 1475 1038 1503 curua
1073 1462 1209 1503 existit
1232 1493 1242 1513 ,
1277 1472 1318 1503 et
1351 1474 1400 1501 eo
1435 1459 1564 1513 magis
1586 1489 1596 1507 ‚
1639 1472 1721 1514 quo
1756 1475 1847 1503 ma-

567 1529 629 1582 gis
662 1528 838 1579 embryo
869 1528 1010 1568 sensim
1045 1537 1244 1569 curuatur
1267 1557 1278 1577 ,
1332 1537 1380 1566 vt
1413 1536 1500 1579 pars
1534 1522 1645 1564 illius
1694 1525 1815 1567 latior
1838 1558 1849 1579 ,

567 1593 687 1647 capiti
726 1593 983 1647 respondens,
1020 1593 1153 1634 versus
1186 1592 1290 1633 latus
1326 1589 1519 1633 dextrum
1554 1592 1616 1629 feu
1651 1592 1850 1644 ventrale,

568 1657 773 1709 angustior
796 1689 807 1709 ‚
857 1669 956 1710 quae
986 1658 1153 1698 caudam
1190 1656 1310 1698 refert
1335 1688 1346 1707 ,
1395 1653 1578 1697 deorsum
1613 1656 1736 1694 tertio
1785 1658 1849 1697 die

568 1719 751 1775 respiciat
775 1752 787 1774 ,
838 1731 879 1761 et
912 1723 952 1762 in
989 1720 1140 1763 lineam
1176 1720 1330 1762 rcc‘tam
1371 1718 1607 1761 verticalem
1645 1730 1847 1762 excurrat.

568 1787 742 1843 Quando
775 1788 897 1828 cauda
932 1786 1168 1839 embryonis
1203 1787 1366 1828 curuati
1404 1784 1577 1838 incipit,
1623 1793 1709 1824 tum
1745 1799 1849 1840 quo-

569 1863 647 1906 que
682 1852 846 1893 infierior
881 1853 1016 1894 foueae
1051 1861 1196 1893 vertex
1232 1861 1437 1894 curuatur.
1543 1848 1638 1889 Imo
1674 1850 1736 1890 die
1788 1851 1847 1893 se·

568 1917 699 1957 cundo
720 1947 732 1966 ,
785 1918 883 1958 dum
919 1917 1050 1959 solum
1083 1929 1204 1970 caput
1239 1916 1472 1968 enibryonis
1507 1914 1736 1954 antrorsum
1772 1917 1849 1956 de-

571 1981 770 2034 primitur
800 2013 812 2031 ,
861 1981 1042 2037 reliquus
1088 1983 1262 2034 cmbryo
1298 1982 1386 2022 ideo
1422 1992 1500 2020 non
1536 1979 1668 2019 rectus
1701 1989 1846 2021 exten-

571 2046 630 2085 sus
665 2046 741 2097 est,
771 2046 830 2086 scd
866 2049 904 2086 in
941 2049 1116 2088 sormam
1153 2049 1231 2088 fere
1270 2045 1424 2087 litterae
1461 2043 1487 2085 S
1526 2045 1701 2085 inuersae
1721 2044 1849 2084 flexus

571 2110 739 2164 existit,
789 2119 906 2166 atque
959 2121 1049 2153 tum
1089 2114 1206 2155 souea
1239 2123 1400 2167 quoque
1435 2110 1636 2150 eiusmodi
1671 2107 1847 2158 figuram

1705 2181 1845 2226 expri-
