2008 2735
562 185 648 230 56¹2
915 175 1026 220 DE
1090 175 1467 222 GLACIE

513 296 532 314 ⁸
557 293 727 345 xviilpeffi
759 300 832 333 cet.
867 291 908 331 in
944 293 1080 344 fugam
1100 303 1226 346 agunt
1241 323 1252 343 ,
1273 293 1454 334 multum
1473 306 1603 335 arcere
1624 294 1763 346 solent,
1782 305 1822 337 et

555 356 702 412 praelia
737 358 944 408 caedesque
980 358 1083 397 haud
1118 370 1209 398 raro
1244 359 1347 399 inter
1384 370 1568 413 vtro>que¹
1601 362 1816 411 oriuntur,

557 421 694 473 negari
726 433 823 460 vero
855 432 935 460 non
970 423 1092 473 potest
1116 452 1126 471 ,
1161 421 1261 462 hanc
1295 425 1492 463 rationem
1527 422 1599 464 effe
1621 455 1632 474 ‚
1667 437 1736 466 cui·
1771 427 1818 464 ad

560 486 703 526 Lenam
736 486 837 525 ferae
871 484 1087 525 rariilimac
1122 484 1220 537 sint,
1255 498 1346 527 ante
1377 488 1578 540 sexaginta
1612 502 1731 528 annos
1767 488 1820 529 ibi

560 549 903 604 irequentiffimae.

710 675 883 720 Genesin
918 677 1062 731 glaciei
1097 677 1232 719 foffilis
1288 679 1479 719 rimaturi
1505 711 1515 730 ,
1568 694 1647 722 non
1700 680 1833 735 possu-

564 754 654 782 mus
692 755 770 783 non
804 745 1034 795 agnoscere,
1072 745 1283 785 materiam
1319 743 1431 784 illius
1468 746 1700 797 proximam
1736 758 1833 785 con-

564 806 694 847 sistere
732 807 772 845 in
808 807 1014 848 substantia
1049 816 1174 848 terrea
1199 839 1210 858 ,
1262 821 1283 847 a
1317 808 1463 861 gypsea
1515 821 1591 849 non
1654 809 1834 850 multum

564 870 799 922 abludente,
834 884 934 927 quae
969 872 1015 913 ab
1050 872 1293 913 humiditate
1325 873 1572 914 subterranea
1607 872 1838 929 emollitur,

565 935 736 976 soluitur
758 966 769 986 ,
803 936 999 977 elutritur
1021 969 1032 988 ‚
1089 948 1187 977 cum
1222 937 1389 978 interim
1424 936 1675 979 subtilissima
1709 939 1839 979 leuior

563 1011 661 1039 cum
705 1002 890 1052 portione
939 1001 1005 1042 sua
1057 1001 1381 1051 acido-salina,
1430 1004 1626 1042 cremoris
1675 1002 1840 1054 forma,

566 1062 773 1103 successiua
807 1064 1042 1104 elutritione
1076 1065 1230 1104 sursum
1263 1064 1464 1115 emergit,
1497 1067 1709 1105 concrescit
1731 1096 1742 1115 ,
1775 1077 1836 1106 at-

567 1139 647 1181 que
679 1127 729 1166 ob
766 1126 837 1177 id,
885 1128 991 1180 quod
1026 1128 1232 1167 concretio
1262 1127 1470 1167 succt-fl'iue
1504 1137 1543 1165 et
1579 1126 1704 1178 longo
1752 1139 1842 1169 tan-

569 1202 661 1231 tum
694 1199 880 1241 tempore
910 1189 1156 1239 contingat,
1205 1200 1374 1240 parsque
1433 1187 1603 1226 humida
1654 1191 1844 1237 exhalare

567 1261 767 1306 nequeat,
820 1251 927 1292 lente
961 1252 1123 1305 quidem
1148 1282 1159 1302 ,
1210 1251 1271 1291 led
1308 1250 1522 1292 aretisfime
1563 1251 1707 1290 vnitur
1729 1283 1741 1305 ,
1791 1254 1841 1294 ob

569 1318 881 1360 continuitatem
918 1315 1063 1358 flexilis
1097 1315 1146 1356 fit
1167 1347 1178 1367 ‚
1211 1313 1365 1356 elastica
1386 1347 1397 1368 ,
1441 1313 1522 1355 fixa
1555 1314 1717 1369 ignique
1772 1329 1838 1357 re-

569 1383 731 1432 sistens;
779 1393 828 1422 eo
879 1390 1016 1422 autem
1069 1379 1313 1422 violentiore
1348 1389 1477 1434 partes
1513 1388 1646 1419 terreo
1668 1404 1685 1410 -
1708 1380 1845 1423 salinas

568 1446 804 1489 diffoluente
827 1476 838 1496 ,
873 1455 982 1499 patet
1003 1477 1014 1497 ,
1070 1443 1217 1486 calcem
1255 1456 1464 1486 remanere
1520 1443 1657 1484 debere
1682 1475 1693 1496 ,
1745 1457 1845 1499 quae

570 1525 642 1554 nec
675 1509 883 1550 cohaereat
905 1540 918 1561 ‚
968 1521 1037 1550 nec
1075 1521 1147 1562 per
1182 1509 1218 1549 se
1251 1510 1292 1549 in
1327 1504 1488 1566 {corpus
1534 1507 1642 1548 abeat
1664 1539 1674 1558 ‚
1727 1509 1843 1550 firni-

572 1579 734 1629 lemque
767 1575 807 1614 in
842 1574 941 1614 statu
977 1573 1150 1614 naturali
1186 1575 1400 1614 materiam
1435 1572 1709 1626 impuriorem
1747 1574 1843 1616 huic

571 1641 670 1690 effe,
703 1651 804 1693 qnae
838 1637 923 1677 loca
958 1638 1174 1679 stratorum
1210 1638 1444 1678 intermedia
1477 1647 1645 1690 occupat
1668 1669 1677 1687 ‚
1725 1648 1764 1678 et
1799 1639 1842 1679 in

573 1717 616 1745 ea
650 1704 762 1742 enim
796 1694 1041 1744 cohaesioni's
1077 1702 1327 1756 principium
1372 1700 1543 1752 deficit,
1597 1704 1700 1742 vnde
1753 1702 1842 1743 laxa

573 1778 614 1810 et
647 1765 832 1808 diffoluta
867 1767 980 1808 iacet.
1079 1765 1352 1808 Diuisibilitas
1386 1776 1427 1806 et
1463 1765 1663 1806 elasticitas
1698 1765 1843 1808 lamel-

572 1834 710 1874 larum
740 1832 941 1883 contingit
975 1844 996 1871 a
1031 1831 1162 1872 forma
1197 1832 1468 1871 minimarum
1511 1832 1688 1883 partium
1743 1844 1841 1872 con-

576 1897 856 1939 stitutiuarum
880 1927 890 1947 ‚
926 1894 1235 1937 horizontaliter
1270 1898 1305 1937 se
1335 1896 1674 1946 contingentium.
1739 1894 1842 1936 Ela-

577 1962 722 2003 ssicitas
756 1974 777 2001 a
810 1959 1080 2007 diuisibilitate
1113 1969 1153 1999 et
1185 1962 1451 2002 continuitate
1486 1957 1609 2000 simul
1673 1960 1815 2013 pendet
1837 1991 1848 2011 ,

578 2025 828 2080 pelluciditas
860 2029 906 2070 ab
941 2023 1009 2065 illa
1045 2023 1154 2076 sola,
1188 2025 1367 2077 integrae
1399 2025 1509 2064 enim
1546 2023 1718 2065 laminae
1739 2035 1842 2063 non-

578 2091 681 2133 dum
712 2090 886 2144 diuisae,
920 2101 1065 2147 opacae
1098 2090 1217 2144 sunt,
1267 2091 1476 2144 radiosque
1526 2089 1645 2131 instar
1697 2087 1845 2141 speculi

1727 2148 1843 2189 rcssc-
