2008 2735
574 131 661 168 140
783 116 885 159 DE
936 114 1318 159 CALCVLO
1373 114 1641 158 MOTVS

569 234 609 273 in
665 243 774 286 parte
830 230 1060 271 mechanica
1114 228 1350 269 maximum
1400 228 1644 282 praestabunt
1679 229 1796 269 vsum
1826 262 1836 282 ‚

568 298 614 338 ad
647 298 898 337 coordinatus
931 308 981 335 ex
1015 293 1167 334 calculo
1198 294 1404 334 eifciendus
1427 325 1438 343 ‚
1488 302 1533 332 vt
1572 292 1602 332 is
1652 293 1833 347 deinceps

567 362 766 402 eiusmodi
803 361 1114 413 quantitatibus,
1146 370 1245 412 quae
1283 359 1323 397 iu
1359 358 1619 399 Astronomia
1655 359 1725 397 vsu
1746 360 1834 399 sunt

570 437 750 480 receptae
775 456 785 476 ,
820 425 1089 465 contincatur.

1162 532 1241 573 XI.

405 628 492 663 Tab.
522 630 565 662 11.
723 616 822 658 Istae
855 625 992 656 autem
1025 616 1278 659 redust'ones
1320 616 1601 661 Geoinetricae
1653 619 1842 661 latissime

407 682 478 723 fig-
512 692 540 713 1-
571 690 708 735 patent
745 679 931 733 nihilque
967 681 1129 721 interest
1152 712 1162 731 ,
1211 684 1256 723 ad
1290 686 1492 736 quodnam
1532 684 1730 737 punctum
1774 686 1837 733 A,

570 745 820 800 planumque
855 744 988 784 fixum
1025 745 1187 798 BAY,
1222 758 1384 787 motum
1423 749 1561 802 pune'ti
1606 747 1642 789 Z
1695 750 1839 788 referre

574 810 764 851 velimus.
840 810 1000 849 Verum
1037 809 1067 849 fi
1103 810 1150 850 ad
1185 810 1303 850 vsum
1338 813 1655 853 astronomicum
1691 812 1841 866 specte-

571 888 693 928 mus,
742 873 978 929 plurimum
1031 878 1183 925 refert,
1236 880 1446 929 quomodo
1480 888 1563 918 tam
1599 877 1699 917 illud
1735 889 1841 930 pun-

571 940 686 979 Ctum
722 941 784 990 A,
819 940 926 991 quod
959 938 1067 991 quasi
1102 940 1156 978 est
1190 950 1377 980 centrum
1414 952 1566 994 motus,
1588 954 1710 996 quam
1740 940 1842 980 illud

573 1003 764 1056 planum,
796 1003 840 1042 ad
877 1002 985 1053 quod
1022 1010 1158 1040 motus
1194 1003 1334 1053 puncti
1371 1001 1408 1043 Z
1444 1018 1515 1056 per
1542 1006 1842 1054 longitudinem

572 1077 611 1105 et
646 1066 900 1105 latitudinem
935 1065 1104 1104 refertur
1130 1097 1140 1116 ,
1193 1066 1410 1120 accipiatur
1438 1096 1449 1116 ,
1497 1068 1688 1120 quoniam
1747 1066 1842 1105 hinc

573 1131 828 1184 potiffimum
865 1128 1100 1183 simplicitas
1134 1130 1480 1170 determinationis
1520 1132 1677 1184 pendet.
1778 1129 1842 1169 Ad

573 1207 697 1248 quam
749 1194 990 1234 electionem
1044 1194 1326 1234 instituendam
1377 1203 1466 1234 ante
1516 1195 1654 1235 omnia
1713 1194 1843 1233 notari

573 1268 766 1310 oportet,
807 1257 947 1298 cuneta
981 1258 1179 1311 artificia,
1215 1271 1316 1311 quae
1349 1257 1588 1298 adbucsunt
1606 1256 1846 1307 excogitata,

575 1333 667 1363 tum
704 1322 836 1363 solum
871 1335 966 1362 cum
1005 1323 1143 1375 aliquo
1179 1323 1342 1362 successu
1378 1320 1553 1362 adhiberi
1589 1321 1715 1375 posse,
1750 1332 1846 1360 cum

577 1398 716 1434 motus
751 1388 936 1440 corporis
958 1418 968 1436 ,
1003 1387 1072 1440 qui
1115 1387 1324 1438 quaeritur
1348 1416 1359 1435 ‚
1395 1398 1472 1426 non
1509 1386 1691 1426 multum
1727 1396 1747 1423 a
1786 1385 1845 1425 le-

574 1451 691 1503 gibus
741 1451 986 1506 Keplerianis
1038 1450 1266 1505 discrepet,
1321 1450 1488 1504 ideoque
1529 1449 1845 1504 perturbationes

577 1515 800 1555 admodum
831 1516 981 1556 fuerint
1012 1516 1196 1567 exiguae.
1294 1514 1467 1568 Quando
1515 1525 1652 1554 autem
1707 1523 1846 1553 motus

578 1579 633 1618 ita
668 1579 721 1618 est
755 1588 1013 1632 comparatus
1037 1610 1048 1629 ,
1096 1589 1143 1619 vt
1177 1591 1287 1618 areae
1321 1579 1425 1617 circa
1461 1579 1679 1633 quodpiam
1740 1589 1846 1630 pun·

578 1642 694 1682 (tum
728 1643 943 1696 descriptae
980 1641 1056 1682 fint
1090 1644 1179 1682 satis
1212 1655 1337 1696 prope
1380 1644 1556 1696 tempori
1610 1643 1846 1697 proportio-

577 1707 717 1759 nales,
772 1707 812 1747 in
872 1706 949 1747 hoc
1005 1707 1158 1760 punito
1192 1707 1388 1761 aptissirne
1424 1709 1623 1760 punctum
1660 1705 1758 1747 illud
1791 1705 1843 1744 fi-

575 1782 679 1810 xum
719 1774 755 1812 A
793 1772 992 1811 statuitur.
1058 1771 1180 1825 Quod
1213 1784 1308 1811 cum
1342 1773 1532 1824 eueniat,
1573 1773 1601 1812 si
1638 1771 1741 1810 inter
1776 1772 1844 1812 vi-

577 1847 638 1875 res
669 1848 817 1889 corpus
851 1835 1105 1878 sollicitantes
1127 1867 1139 1886 ‚
1196 1849 1273 1876 vna
1308 1835 1479 1890 reliquas
1513 1835 1696 1877 multum
1731 1836 1846 1888 supe-

582 1909 643 1938 ret
674 1930 684 1947 ,
733 1901 774 1940 in
827 1912 876 1942 eo
926 1901 1108 1953 punCto,
1158 1900 1204 1940 ad
1256 1900 1363 1953 quod
1395 1900 1488 1942 haec
1523 1902 1585 1941 vis
1618 1900 1843 1952 dirigitur,

580 1965 781 2017 punctum
812 1963 848 2003 A
887 1966 1011 2019 accipi
1048 1964 1287 2005 conueniet:
1338 1964 1398 2004 Ita
1434 1965 1461 2004 si
1497 1965 1671 2019 quaestio
1723 1962 1842 2003 fuerit

578 2029 626 2069 dc
660 2028 1026 2083 perturbationibus
1060 2029 1238 2086 planetae
1271 2028 1478 2072 cuiusdam
1514 2026 1745 2086 principali»
1781 2025 1843 2065 stu

1709 2101 1847 2130 comc-
