2008 2735
590 212 674 252 ψ
937 194 1498 241 ΒΕοιΑςιΕ

588 327 635 356 co
685 307 816 362 Φαῖνω
841 344 852 364 ,
904 322 1165 367 transpareo,
1216 313 1545 354 denominatione
1582 324 1689 353 certe
1727 325 1827 366 vaga
1849 341 1865 368 5

589 391 685 420 cum
721 379 913 419 materiae
946 390 1088 418 omnes
1123 378 1342 432 pellucidae
1378 375 1590 430 phengitae
1626 376 1713 419 sint.
1775 379 1858 419 Ar-

580 441 780 498 girolithos
813 443 904 482 aliis
937 443 1048 482 audit
1071 473 1083 494 ‚
1137 445 1245 496 quod
1280 440 1328 482 sit
1363 441 1470 494 quasi
1507 443 1732 484 mercurius
1755 472 1767 493 ,
1815 443 1858 484 in

587 509 728 560 lapidis
777 505 951 546 formam
989 506 1180 548 redastus.
1280 506 1526 558 Minci-alogi
1554 509 1712 562 glaciem
1761 506 1857 547 Μα-

588 574 670 613 riae
705 574 811 612 inter
845 571 936 612 iilos
969 573 1118 625 lapides
1147 582 1385 612 enumerant
1406 601 1417 621 ‚
1466 571 1537 625 qui
1571 574 1675 628 apyri
1718 572 1860 611 dicun-

593 648 660 679 tur
682 667 693 688 ,
728 634 825 675 tales
861 637 1090 688 nimirum,
1143 639 1214 690 qui
1250 633 1588 677 violentiffimum
1623 638 1759 687 ignem
1795 637 1862 676 su-

588 703 735 744 stinent
757 731 768 750 ‚
801 699 946 755 absque
979 705 1084 755 quod
1119 700 1184 741 vel
1217 701 1258 740 in
1291 688 1442 742 caliem
1465 730 1478 753 ,
1528 701 1595 742 vel
1629 702 1671 741 in
1701 702 1863 740 vitrum

591 775 831 816 mutentur,
864 778 965 820 quae
1000 764 1102 807 vero
1133 766 1204 806 dos
1237 765 1278 805 in
1313 764 1441 817 glacie
1475 765 1606 806 nostra
1639 777 1734 805 cum
1771 775 1863 816 gra-

593 844 648 873 no
680 830 763 872 stilis
793 831 1016 884 accipienda
1047 831 1113 872 est.
1180 830 1293 872 Inter
1328 829 1477 884 lapides
1508 841 1658 884 apyros
1686 831 1734 870 ad
1775 828 1865 870 Mi-

591 909 658 937 (σε
692 906 816 948 genus
848 900 1043 945 retertur,
1075 907 1177 949 quae
1210 893 1360 947 lapides
1391 895 1727 948 comprehendit,
1760 905 1865 947 quo-

592 972 681 1002 rum
719 970 849 1012 partes
881 959 1076 1001 conflatae
1107 960 1198 1000 sunt
1227 972 1248 998 c
1269 959 1480 1011 tenuibus,
1514 959 1716 1000 flexilibus
1735 958 1863 1011 iplen·

594 1023 857 1075 dentibusque
891 1024 1061 1076 squamis
1095 1023 1178 1064 fiue
1219 1023 1416 1074 laminis,
1472 1024 1565 1074 igne
1615 1022 1830 1064 friabilibus
1855 1051 1868 1072 ‚

594 1087 867 1136 v‘olcntiore,
897 1088 1075 1127 inuicem
1109 1086 1336 1125 commistis
1358 1115 1370 1135 ‚
1402 1095 1521 1135 atque
1557 1087 1622 1125 sub
1655 1087 1727 1126 hac
1770 1098 1868 1126 con-

588 1150 742 1191 ditione
777 1151 823 1188 ad
861 1149 1057 1190 fusionem
1091 1147 1304 1199 dispositis.
1374 1146 1523 1187 Molles
1559 1148 1700 1189 deinde
1734 1150 1863 1189 micae

590 1214 681 1253 sunt
703 1243 715 1264 ‚
763 1221 805 1251 et
840 1213 948 1252 tactu
983 1210 1241 1263 aliquantum
1278 1209 1450 1258 pingues
1471 1239 1483 1258 ,
1517 1208 1667 1248 Borace
1700 1211 1865 1250 soluun-

594 1286 662 1317 tur
698 1286 737 1316 et
770 1287 868 1316 cum
904 1273 1044 1316 eodem
1081 1275 1121 1314 in
1174 1270 1433 1327 puriffimum
1487 1272 1641 1312 vitrum
1694 1275 1869 1314 fundun-

596 1350 691 1391 tur,
725 1352 848 1393 purae
882 1349 1019 1380 tamen
1054 1339 1182 1378 micae
1216 1333 1440 1377 difficilius.
1515 1334 1670 1377 Glacies
1706 1335 1879 1380 Mariae

597 1405 802 1447 micarum
841 1404 1011 1458 speciem
1044 1401 1159 1443 illam
1194 1400 1401 1456 constituit
1423 1432 1433 1452 ,
1479 1412 1578 1454 quae
1614 1402 1868 1443 membrana-

591 1482 658 1512 cea
689 1470 742 1511 cst
765 1500 776 1521 ‚
812 1467 987 1510 lamell's
1023 1467 1184 1518 magnis
1205 1496 1216 1516 ‚
1252 1465 1599 1520 pellucidiffimis,
1634 1465 1729 1506 albis
1751 1499 1763 1518 ‚
1796 1479 1868 1520 pa-

592 1533 758 1578 sanclis.
843 1533 996 1575 Cronss.
1035 1530 1134 1574 vers.
1164 1531 1274 1572 einer
1311 1542 1437 1570 neuen
1471 1528 1740 1582 Miiiernlogfc
1778 1543 1861 1583 pag.

596 1612 699 1640 100.
767 1596 825 1639 Ea
839 1630 850 1649 ,
881 1608 1079 1650 quatenus
1100 1597 1254 1646 integra
1275 1594 1464 1635 effoditur
1482 1625 1494 1646 ‚
1527 1606 1647 1646 opaca
1667 1596 1734 1646 cst,
1754 1595 1866 1636 colo-

593 1668 650 1706 ris
698 1662 973 1712 fuscescentis,
1022 1670 1141 1713 atque
1194 1659 1419 1710 imaginem
1472 1658 1684 1710 hominis,
1735 1660 1867 1700 veluti

593 1726 803 1782 speculum
827 1757 838 1776 ,
873 1727 1004 1767 reddit
1026 1755 1037 1775 ,
1071 1723 1169 1766 findi
1190 1723 1345 1775 patitur
1384 1725 1423 1763 in
1457 1722 1698 1764 tenuissimas
1729 1735 1768 1763 ct
1801 1735 1868 1764 ae-

596 1794 732 1846 quales
765 1790 935 1832 laminas
958 1821 969 1841 ‚
1003 1790 1058 1830 ita
1090 1786 1329 1840 diaphanas‚
1364 1797 1412 1828 vt
1445 1786 1718 1841 pelluciditnte
1752 1801 1771 1828 a
1804 1789 1870 1828 xi,

600 1867 667 1899 tro
697 1866 738 1898 ct
771 1854 992 1907 chrystallo
1025 1852 1100 1895 vix
1137 1852 1404 1904 distinguatur
1424 1881 1436 1904 ‚
1488 1852 1663 1906 adeoque
1718 1853 1867 1894 micam

585 1930 726 1978 puram
764 1919 861 1961 sistit
883 1950 893 1970 ‚
928 1918 1082 1972 hocque
1115 1916 1183 1958 sibi
1220 1917 1422 1970 peculiare
1453 1914 1603 1969 habet,
1656 1917 1762 1969 quod
1797 1917 1869 1957 ob-

596 1986 697 2027 iee'ta
730 1983 855 2025 libero
887 1985 971 2025 a‘e‘ri
1006 1981 1188 2035 exposita
1232 1980 1516 2024 distinstissime
1569 1982 1745 2022 ostendat
1768 2011 1780 2031 ‚
1829 1982 1867 2022 id

596 2048 704 2103 quod
739 2049 911 2092 minime
941 2048 1144 2098 contingit
1175 2046 1340 2098 oculis,
1391 2048 1431 2088 in
1482 2045 1614 2087 clauso
1665 2045 1757 2086 loco
1800 2056 1869 2096 pet

598 2113 703 2158 illud
757 2113 910 2158 objecta
962 2111 1219 2155 intuentibus.
1320 2110 1486 2156 flexilis
1521 2110 1576 2154 cst
1612 2119 1652 2151 et
1684 2109 1868 2161 clanim)

1750 2170 1862 2212 subi-
