2008 2735
542 212 635 252 422
825 191 929 236 DE
993 172 1554 231 FORMATIONE

541 312 647 368 quod
680 320 758 365 qua
793 305 946 348 ratione
982 303 1069 346 fieri
1105 301 1253 357 possit,
1301 311 1353 340 ex
1384 290 1705 348 subsequentibus
1739 301 1808 344 pa-

544 379 652 419 tebit.
717 373 792 416 Sed
826 382 954 425 neque
983 371 1120 410 diebus
1154 367 1323 408 secundo
1353 373 1394 404 et
1424 362 1554 401 vtertio
1575 360 1597 411 ,'
1620 357 1688 397 vbi
1708 367 1815 396 ,ma-

543 444 657 485 xime
707 447 853 490 viget,
918 434 1050 476 areola
1087 431 1380 474 mutationibus
1416 427 1533 466 miris
1565 433 1713 478 expers
1763 418 1818 470 est

542 505 671 558 quoad
720 503 874 543 limites
921 499 1064 554 quibus
1115 491 1378 538 terminatur?
1404 492 1582 543 adeoque
1633 489 1816 541 respectu

541 568 696 621 figurae
743 578 783 609 et
837 561 1139 617 magnitudinis.
1247 559 1309 599 Ad
1341 556 1452 597 diem
1487 556 1655 594 tertium
1693 565 1817 607 vsque

541 635 677 674 crescit
710 631 907 672 continuo
928 660 939 680 ‚
1000 627 1092 667 inde
1126 634 1225 664 vero
1259 620 1399 663 sensim
1437 617 1611 671 pallescit
1644 627 1684 656 et
1717 630 1814 659 cua-

539 702 675 739 nelcit.
744 688 1047 748 Figurffwmo
1085 690 1191 720 varta
1224 682 1278 722 est
1301 712 1313 733 ‚
1349 694 1427 722 non
1463 683 1588 724 modo
1623 683 1777 723 diuerso
1803 714 1814 736 ,

539 761 598 787 ιω
633 772 673 787 „2
705 755 848 789 eodem
884 748 926 786 in
962 747 1085 786 variis
1122 745 1339 787 iimiuiduis
1376 755 1591 800 tempore3
1625 747 1813 802 plerum-

538 823 616 864 que
654 823 787 852 tamen
821 814 862 852 in
898 812 1017 851 initio
1051 811 1128 850 sere
1160 812 1424 864 quadrilatera
1477 812 1550 851 est.
1582 821 1623 852 et
1666 811 1811 851 oblon-

536 887 583 927 ga
609 907 619 926 ,
653 876 813 927 angulis
847 886 983 918 autem
1019 873 1170 915 obtufis
1203 873 1470 929 lateribusque
1510 875 1631 930 paulo
1662 875 1809 918 curuis.

537 940 636 981 Inde
671 941 765 980 solet
801 941 842 979 in
877 941 1006 980 media
1045 948 1153 991 parte
1185 940 1367 981 contrahi
1405 941 1584 994 superius
1616 951 1753 981 autem
1772 950 1813 981 et

537 1003 702 1043 inferius
733 1002 904 1043 dilatari.
978 1003 1059 1044 Sub
1093 1001 1165 1043 hac
1202 1004 1330 1054 figura
1365 1010 1505 1045 crescit
1539 1005 1599 1046 sed
1635 1005 1813 1059 pallescit

538 1065 661 1106 fimul
707 1067 944 1121 tandemque
979 1066 1096 1119 plane
1130 1067 1302 1119 disparet
1333 1078 1374 1108 et
1407 1068 1576 1107 annulus
1610 1072 1698 1108 eius
1746 1071 1811 1110 lo·

537 1143 586 1170 co
620 1142 862 1183 comparet,
927 1131 996 1184 qui
1034 1140 1168 1170 tamen
1193 1161 1205 1182 ,
1237 1129 1584 1184 quemadmodum
1620 1132 1739 1183 dixi,
1769 1142 1810 1175 et

537 1195 618 1248 ipse
653 1196 821 1249 denique
856 1194 1060 1235 euanescit.

681 1323 714 1372 §-
755 1335 827 1372 23.
879 1318 1118 1362 Generatim
1153 1331 1290 1364 autem
1315 1354 1325 1373 ‚
1372 1321 1480 1376 quod
1518 1324 1648 1372 magis
1683 1322 1810 1364 mira·

534 1396 600 1428 tus
651 1386 741 1427 sum
765 1418 776 1439 ‚
823 1385 1106 1440 deprehendi,
1160 1387 1337 1428 areolam
1383 1386 1480 1427 hanc
1515 1386 1690 1438 figuram
1725 1390 1809 1429 cir-

531 1453 819 1493 cumferentiae
868 1451 1135 1502 embryonis,
1185 1464 1284 1507 quae
1329 1465 1405 1506 pro
1460 1452 1574 1491 vario
1607 1464 1691 1491 e.us
1727 1452 1803 1493 situ

532 1518 690 1559 diuerso
724 1526 908 1571 tempore
940 1516 1075 1556 differt
1098 1548 1108 1566 ‚
1150 1517 1314 1558 imitari.
1384 1516 1523 1557 Primo
1553 1516 1616 1556 die
1649 1529 1689 1557 ct
1724 1519 1804 1558 ini-

533 1583 594 1622 tio
626 1582 783 1622 secundi
818 1582 990 1631 embryo
1023 1582 1178 1622 emerus
1211 1591 1251 1623 et
1288 1593 1438 1635 pronus
1473 1581 1604 1630 iacet,
1658 1591 1698 1620 et
1753 1593 1804 1623 ex

534 1657 644 1686 mera
679 1646 784 1699 spina
819 1646 960 1686 dorlali
996 1655 1036 1685 et
1068 1648 1196 1700 capite
1228 1647 1369 1699 gracili
1403 1645 1573 1696 constat,
1609 1655 1698 1685 tum
1737 1659 1805 1686 er-

530 1721 584 1762 go
622 1710 752 1751 areola
786 1711 955 1762 oblonga
997 1709 1082 1760 est,
1138 1714 1216 1752 fere
1269 1710 1566 1766 quadrilatera,
1615 1709 1805 1751 lattribus

530 1784 663 1814 tamen
699 1776 929 1829 superiori,
963 1776 1070 1828 quod
1105 1777 1228 1829 capiti
1253 1808 1263 1826 ‚
1296 1788 1336 1818 et
1367 1775 1543 1815 inferiori
1579 1777 1686 1828 quod
1706 1788 1802 1816 cau-

529 1840 599 1880 dae
636 1841 844 1893 respondet
868 1871 878 1890 ,
914 1842 1061 1880 curuis.
1144 1841 1323 1882 Secundo
1354 1841 1415 1881 die
1451 1838 1570 1879 finito
1604 1850 1642 1878 et
1679 1841 1802 1882 tertio

529 1905 591 1944 die
622 1915 744 1958 caput
779 1905 1012 1956 embryonis
1054 1906 1190 1946 versus
1245 1907 1382 1958 peetus
1433 1904 1711 1955 deprimitur,
1762 1915 1802 1946 et

530 1969 575 2007 ad
612 1967 733 2008 finem
767 1972 853 2010 eius
885 1970 1114 2011 inferiorem
1157 1971 1304 2024 pedum
1351 1969 1554 2010 tul-escula
1611 1971 1799 2022 x‘triuque

531 2032 847 2085 pr‹)pullul·.int,
899 2036 938 2075 in
995 2035 1123 2076 media
1176 2045 1310 2075 autem
1367 2044 1476 2088 parte
1528 2034 1602 2073 sola
1640 2037 1800 2085 gracilis

529 2095 635 2150 spina
671 2098 828 2150 existit,
864 2100 951 2141 inde
989 2101 1168 2156 superius
1202 2111 1241 2141 et
1275 2099 1438 2140 iuferius
1473 2099 1799 2142 circumferentia

1709 2173 1799 2202 em-
