2008 2735
607 185 722 238 »Ξεῖἐ
756 183 770 242 )
806 197 833 226 0
868 184 882 242 (
918 185 1039 238 &Ic-³3«-
1361 197 1451 240 351

528 298 1101 343 DESCRIPTIO

184 391 238 452 N
246 393 384 452 OV1
417 391 971 455 PHAENOMENI
1003 391 1454 456 ELECTRICI

230 507 492 550 DETECTI
537 508 602 550 IN
640 507 1057 551 CHRYSOLITHO
1090 508 1223 550 SIVE
1258 509 1404 551 SMA-

497 573 704 617 RAGDO
743 573 1130 617 BRASlLIENSI.

667 704 955 745 Auctore

491 815 541 858 F.
595 816 640 858 V.
698 817 744 859 T.
812 815 1142 859 AEPINO.

174 934 434 1052 Postquam
471 951 672 992 mirabiles
707 948 966 991 Tourmalini
1003 950 1267 1002 proprietates
1310 963 1330 990 a
1383 963 1454 993 me

287 1017 460 1055 detee'tae
482 1044 492 1063 ‚
544 1016 584 1052 in
642 1012 789 1062 Anglin
844 1013 1102 1053 innotuissent
1132 1045 1143 1064 ‚
1198 1015 1354 1065 magnis
1409 1025 1451 1055 et

168 1080 339 1128 egregiis
372 1080 412 1117 in
450 1076 757 1130 Philosophiam
795 1076 1021 1118 naturalem
1071 1080 1232 1119 meritis
1287 1081 1447 1133 conspi-

164 1153 263 1182 cuus
293 1141 474 1197 H'ilsonus
494 1174 507 1194 ,
539 1142 735 1195 repetiisse
768 1144 1046 1196 experimenta
1089 1156 1178 1184 mea
1200 1174 1212 1195 ‚
1264 1156 1448 1199 nouaque

166 1205 380 1259 plurima,
432 1206 634 1257 ingeniose
685 1208 914 1257 excogitata
962 1208 1180 1258 addidisse,
1234 1220 1314 1247 non
1351 1221 1452 1249 con-

170 1281 303 1310 tentus
339 1271 447 1320 fnit,
482 1272 541 1310 fed
576 1280 616 1310 ct
648 1272 821 1323 spartam
861 1271 901 1310 in
937 1271 975 1311 se
1007 1271 1147 1312 sumsit
1170 1303 1181 1321 ,
1217 1272 1447 1324 inquirere,

166 1347 266 1376 anne
305 1336 409 1376 inter
443 1346 615 1389 corpora
650 1333 861 1375 mineralia
893 1335 1049 1389 reliqua
1069 1367 1083 1386 ‚
1137 1334 1367 1391 lapidesque
1400 1338 1443 1378 in

165 1410 295 1441 terrae
327 1400 490 1453 gremio
523 1399 781 1455 reperiundos
803 1428 815 1449 ‚
864 1399 930 1439 alii
957 1430 970 1450 ‚
1022 1399 1223 1442 similibus
1255 1402 1445 1456 proprie·

165 1466 312 1506 tatibus
347 1465 516 1520 praediti
564 1461 859 1505 inueniuntur?
910 1464 1017 1504 Tam
1070 1478 1230 1521 quoque
1281 1467 1440 1509 felicem

160 1529 385 1573 habuerunt
420 1529 544 1584 ipsius
578 1529 882 1584 perquisitiones
915 1529 1124 1572 successum
1150 1562 1162 1582 ‚
1214 1539 1262 1571 vt
1305 1534 1437 1574 varias

159 1596 360 1637 detexerit
402 1606 617 1648 gemmas,
668 1594 824 1648 aliquas
873 1592 1073 1647 eleganter
1122 1596 1294 1647 rubum,
1343 1598 1438 1639 alias

159 1661 394 1714 pallidiores
417 1692 428 1711 ‚
477 1674 602 1702 vnum
653 1661 803 1702 coloris
852 1659 893 1698 in
928 1661 1159 1701 nutantium
1196 1664 1400 1714 vergentis
1426 1693 1439 1715 ,

161 1725 203 1765 in
237 1725 437 1766 electricis
468 1725 763 1779 experimentis
800 1725 1078 1766 Tourmalino
1129 1725 1279 1766 similes
1301 1756 1312 1776 ,
1369 1740 1435 1767 re·-

159 1789 292 1842 speehi
326 1792 494 1834 duritiei
529 1804 628 1833 vcro
649 1821 660 1842 ,
704 1800 747 1830 et
780 1788 982 1843 politurae
1013 1803 1136 1843 quam
1173 1791 1434 1845 admittunt,

160 1854 348 1906 'sopri-zio
369 1857 576 1911 analogas,
611 1856 746 1910 prouti
771 1855 959 1895 testantur
993 1853 1259 1910 Philosophia-al
1278 1854 1433 1897 Trans-

156 1918 303 1960 amous
334 1919 409 1962 Vol.
447 1922 544 1965 L11.
585 1918 700 1963 Parc.
735 1920 794 1960 11.
826 1927 917 1974 pag.
954 1932 1046 1970 443
1069 1930 1220 1970 -447.

306 1982 506 2028 Gemmae
555 1985 627 2026 hae
677 1997 848 2034 omneS,
900 1996 1102 2039 quantum
1154 1997 1205 2025 ex
1248 1984 1429 2027 Domini

154 2044 285 2099 Wlson
315 2051 584 2107 descriptione
619 2051 793 2092 iudicare
826 2048 923 2092 licet
945 2082 956 2099 ‚
1004 2063 1084 2091 non
1117 2049 1243 2092 {olum
1297 2051 1428 2105 quoad

156 2114 421 2172 proprietates
471 2115 678 2160 elestricas
697 2148 710 2171 ‚
778 2115 843 2160 sed
891 2117 1017 2158 etiam
1069 2116 1201 2172 quoad
1252 2115 1430 2167 reliquas

1283 2181 1428 2224 Tour-
