2008 2735
343 195 427 237 Ex
469 195 867 238 CHARACTERE
909 195 1226 239 BOTANICO.
1324 199 1415 246 5⁴39

150 310 315 351 odorem
340 339 351 359 ‚
403 308 449 347 de
500 306 671 347 exoticis
723 318 803 347 non
838 304 1057 356 habemus,
1091 308 1199 360 quod
1235 308 1416 349 muitum

148 375 407 421 dubitemus,
461 371 694 423 praesertim
750 382 847 412 cum
905 370 1084 422 Vanz'lla,
1136 372 1417 413 excellentiffi-

152 450 268 478 mum
306 435 406 477 illud
438 435 684 477 Chocolatae
719 435 946 476 remedium
970 468 980 487 ,
1026 434 1245 478 cordialem
1280 438 1418 479 effica-

149 503 253 544 ciam
284 501 395 545 suam
432 501 520 541 satis
554 501 635 541 iam
674 499 990 543 confirmaucrit.

300 596 457 638 Plantae
492 595 723 650 Conzserae,
773 596 869 638 facie
903 596 1075 639 naturali
1112 605 1319 650 tantopere
1354 597 1420 637 in-

148 670 208 702 ter
259 661 295 701 sc
345 662 630 703 conuenientes
653 691 665 713 ,
715 662 821 715 quod
861 674 1003 702 omnes
1039 661 1080 705 in
1116 661 1150 702 se
1187 663 1417 702 contineant

146 724 317 766 resinam
368 725 622 766 baiiumicam
646 757 656 776 ‚
707 727 895 780 quodque
949 725 1091 767 exinde
1145 725 1379 778 stinguinem
1405 757 1416 775 ‚

145 789 230 829 labe
263 802 501 844 quacunque
530 800 775 843 corruptum
797 821 808 841 ‚
858 802 1025 832 venerea
1067 790 1297 844 praesertim
1326 821 1337 840 ‚
1369 799 1416 830 vt

147 852 224 893 sint
275 854 382 908 quasi
436 853 642 895 orchidum
701 854 877 894 antidota
900 886 911 906 ‚
962 867 1005 896 ea
1057 853 1239 895 imbuant
1260 886 1271 907 ,
1333 855 1415 893 im-

142 916 290 958 butum
346 919 580 969 stimulent,
628 918 881 960 stimulatum
932 920 973 958 in
1017 918 1217 958 maiorem
1264 918 1415 958 circui-

144 990 234 1022 tum
284 982 476 1023 deducant
499 1015 510 1034 ,
562 992 678 1023 motu
728 982 895 1023 austum
929 983 976 1023 ad
1011 994 1159 1033 organa
1190 982 1414 1023 excretoria

140 1045 322 1096 ablegent
343 1077 354 1096 ,
398 1058 516 1099 :itque
549 1045 598 1086 fic
634 1057 703 1098 per
736 1046 898 1086 vtinam
933 1055 973 1085 et
1007 1047 1192 1086 sudorem
1227 1047 1413 1100 quisqui-

139 1107 212 1149 lias
246 1109 473 1150 morbificas
507 1107 719 1150 eliminent
747 1141 758 1162 ,
793 1110 833 1150 id
872 1110 1024 1149 iterum
1057 1121 1118 1149 res
1151 1110 1239 1161 est'‚
1281 1109 1415 1151 multa

139 1172 466 1213 obseruationum
501 1173 599 1212 serie
629 1175 903 1225 comprobata.
1001 1173 1143 1214 Resina
1195 1185 1295 1213 vero
1348 1173 1412 1214 his

140 1237 184 1276 in
221 1235 366 1289 plantis
399 1237 496 1276 adeo
526 1235 695 1277 abundat
716 1267 726 1286 ,
762 1245 809 1276 vt
841 1248 863 1275 e
894 1235 1112 1276 corticibus
1145 1234 1310 1277 illarum
1344 1235 1413 1278 vel

140 1299 279 1351 sponte
309 1300 493 1349 exsudet,
528 1299 871 1340 Ther-ebinthinae
903 1299 1099 1352 exemplo
1120 1330 1132 1351 ,
1169 1312 1293 1353 quam
1330 1301 1410 1342 La-

142 1363 207 1402 rix
241 1373 280 1405 et
314 1364 436 1406 Abies
469 1364 612 1405 fundit.
682 1364 807 1417 Viget
840 1365 882 1403 in
918 1365 1108 1406 omnibus
1130 1382 1154 1416 ,ι
1185 1364 1226 1405 in
1260 1365 1411 1420 aliqui·

127 1426 211 1466 bus
244 1437 378 1472 tamen
412 1429 510 1471 adeo
543 1430 686 1472 efficax
708 1460 719 1479 ‚
769 1437 816 1469 vt
850 1428 918 1470 vel
948 1429 1099 1469 foetum
1141 1427 1303 1470 Sabinae
1335 1442 1411 1473 cx-

142 1491 312 1545 emplo,
360 1505 438 1547 qua
479 1504 687 1548 propterea
724 1492 947 1547 parcissime
982 1495 1179 1534 vtendum
1200 1494 1275 1544 est,
1308 1495 1410 1548 quin

144 1558 283 1598 Taxus
315 1557 412 1599 adeo
447 1569 662 1600 venenatus
695 1556 860 1598 habetur
884 1589 894 1609 ,
950 1569 990 1598 at
1027 1552 1320 1599 tamen'rcsina
1355 1559 1408 1599 il-

143 1620 222 1660 lius
264 1620 519 1677 Iunipei·in·.1e
561 1636 641 1664 non
694 1621 875 1663 multum
925 1621 1126 1664 absimilis,
1224 1621 1406 1676 Cupreffi

141 1683 292 1726 fruitus
325 1689 515 1741 quamuis
546 1688 789 1739 adstringant
811 1719 823 1740 ‚
878 1687 921 1729 in
956 1699 1005 1727 eo
1039 1697 1176 1729 tamen
1210 1700 1291 1729 non
1325 1687 1407 1728 mi-

143 1760 218 1789 nus
251 1750 481 1795 dominatur
515 1753 673 1804 resina,
706 1752 903 1795 efficaciae
937 1750 1095 1792 similis.

297 1847 547 1892 Amenmceae
596 1848 845 1901 adstringunt
877 1878 888 1898 ,
921 1848 1207 1901 continentque
1264 1859 1407 1888 omnes

146 1909 342 1962 principia
375 1912 492 1954 salina
525 1913 673 1955 austera
708 1923 748 1953 ct
782 1913 1038 1965 gummatosn
1061 1943 1072 1962 ‚
1124 1922 1251 1952 terrae
1295 1925 1407 1952 mar-

148 1971 232 2016 tiali
282 1973 404 2017 infixa
430 2009 440 2028 ,
471 1990 619 2031 quam,
653 1989 728 2031 qua
765 1977 888 2018 talem
936 1988 1099 2028 magnes
1149 1977 1404 2018 demonstrat.

143 2038 405 2079 Amentaceas
437 2051 572 2082 autem
609 2039 859 2094 adpellamus
895 2040 1081 2094 planum,
1115 2053 1292 2094 quorum
1327 2041 1406 2081 fio-

142 2111 203 2144 res
232 2102 274 2142 in
306 2105 476 2152 amentis
506 2105 696 2149 distinetis
718 2136 729 2154 ,
775 2106 885 2149 jntra
915 2105 1094 2157 calycem
1137 2115 1404 2148 communem

712 2166 754 2212 Y
775 2179 802 2224 y
820 2178 846 2220 y
885 2180 911 2206 2
1292 2167 1404 2209 inae·
