2008 2735
493 117 1116 162 TOB.MAYER.
1346 131 1435 172 333

166 248 291 295 quam
326 233 530 289 prismatis
563 234 865 287 longitudinem
902 233 1040 274 bisecat
1064 263 1076 284 ,
1122 234 1201 276 fere
1233 245 1445 290 nunquam

166 307 214 345 ad
250 300 548 353 longitudinem
583 298 706 354 ipsius
740 296 935 340 normalis
975 297 1062 349 est,
1108 311 1151 339 ac
1202 297 1282 341 fere
1333 314 1441 342 nun-

165 379 289 422 quam
341 366 454 422 plana
476 395 488 418 ,
538 364 600 406 sed
656 364 792 422 potius
827 362 1107 418 irregulariter
1141 374 1268 406 curua
1297 364 1440 422 depre-

165 431 369 474 henditur.

317 536 437 590 Quod
492 547 617 591 porro
665 534 814 591 spe&at
863 536 1102 578 ferramenta
1139 539 1363 589 magnetica
1396 539 1440 580 vi

164 611 249 641 arte
300 601 491 651 imbuta,
539 614 624 656 quo
682 605 884 656 pertinent
938 613 1143 654 magnetes
1174 603 1440 656 artificiales,

161 665 438 719 deprehendi,
473 679 547 719 pro
582 665 692 706 varia
727 665 922 708 methodo
942 699 955 718 ,
987 680 1089 722 quae
1121 666 1297 709 adhibita
1331 680 1442 720 erat,

160 730 261 770 dum
299 741 462 784 magnet
478 744 522 770 ca
557 733 620 772 vis
655 729 748 784 ipsis
782 732 1042 773 inducebatur
1065 763 1076 781 ,
1127 734 1294 775 tarium
1330 733 1443 775 fuisse

161 798 376 847 magnerici
414 795 542 837 centri
579 795 717 837 situm.
815 795 989 850 Duplex
1020 798 1186 849 quidem
1232 800 1440 840 contactus

161 861 241 900 rite
289 862 624 911 administratus,
678 862 717 900 in
772 872 870 900 cum
923 862 1078 914 semper
1119 863 1308 904 reducere
1343 863 1440 905 solst

158 924 305 965 statum
341 926 581 966 ferramenta
618 925 850 977 prismatica
873 953 884 972 ,
935 937 1061 977 quem
1099 924 1289 974 Mayerus
1343 932 1440 980 lup-

158 989 314 1045 fonst,
364 1002 441 1027 non
494 998 630 1028 tamen
681 986 831 1035 loquor
883 986 957 1026 nisi
1008 988 1057 1027 de
1089 987 1219 1039 virgis
1253 992 1436 1030 modicae

157 1051 428 1102 longitudinis
449 1081 461 1101 ,
510 1051 607 1104 quid
664 1051 777 1091 enim
812 1051 859 1090 de
894 1049 1146 1102 longioribus
1179 1052 1433 1097 statuendum

154 1113 205 1156 sit
226 1145 237 1165 ,
292 1115 419 1169 postea
472 1115 660 1157 indicabo.
738 1112 892 1172 Quodsi
928 1128 1030 1157 vero
1063 1115 1140 1156 alia
1173 1129 1436 1175 quaecunque

156 1179 485 1230 magnetificandi
525 1179 743 1221 methodus
767 1212 778 1229 ‚
812 1193 832 1220 a
867 1179 1022 1235 duplici
1057 1183 1245 1222 contaetu
1280 1185 1434 1227 diucrffi

154 1244 198 1284 in
235 1243 353 1283 vsum
386 1254 588 1295 vocetur,
640 1245 866 1294 rarissime,
919 1257 963 1288 ac
998 1258 1078 1286 non
1134 1246 1207 1286 nisl
1260 1248 1435 1292 fortuito

156 1307 316 1358 Mayeri
374 1307 557 1359 regul-im
610 1307 746 1350 locum
797 1309 940 1349 hahere
989 1310 1208 1351 obseruaui.
1307 1311 1436 1356 Lubet

155 1371 289 1426 aliqua
326 1371 392 1413 hic
428 1373 709 1427 experimenta
743 1374 908 1426 addere,
941 1386 1042 1430 quae
1060 1374 1299 1419 ass‘ettorum
1318 1391 1434 1423 mco-

154 1449 252 1480 rum
286 1439 505 1481 veritatem
539 1439 821 1482 demonstrant.

477 1577 983 1659 Experimentum¹
1053 1576 1094 1635 Ι.

303 1695 634 1752 parallelipipeda
668 1697 794 1740 ferrea
826 1697 1004 1741 diuersae
1035 1696 1306 1750 longitudinis
1328 1730 1341 1751 ,
1388 1713 1426 1742 2.

153 1756 222 1798 lin.
260 1757 340 1802 lata
372 1773 414 1804 et
449 1766 462 1810 ξ
500 1762 569 1802 lin.
621 1762 737 1805 crassa
762 1794 774 1813 ,
824 1764 981 1804 modice
1038 1764 1137 1803 dura
1161 1795 1174 1816 ‚
1228 1765 1428 1815 magnetis

151 1822 372 1865 artficialis
427 1827 607 1869 fortioris
660 1828 756 1881 folo
809 1827 867 1877 Β,
916 1828 1024 1879 (Fig.
1062 1825 1117 1879 2.)
1152 1828 1316 1881 apposui
1342 1860 1352 1877 ,
1387 1838 1426 1869 et
1455 1833 1629 1873 Tab.V1·

148 1889 333 1936 separatis
367 1891 459 1945 ipsis
491 1893 577 1947 post
614 1894 735 1932 vnius
770 1893 933 1932 circiter
971 1893 1122 1932 minuti
1158 1892 1426 1935 interuallum

149 1964 171 1992 a
228 1964 415 2006 magnete
437 1987 449 2007 ‚
495 1958 623 1999 centri
675 1958 897 2009 magnetici
933 1956 1060 1999 situm
1095 1957 1234 2001 inueni
1269 1957 1390 2001 talem
1415 1990 1426 2012 ,

145 2016 311 2073 qualem
346 2020 509 2076 sequens
544 2022 674 2066 tabula
710 2023 871 2065 indicat.

792 2116 832 2158 T
852 2124 869 2157 t
906 2126 934 2166 3
1289 2117 1418 2170 Long.
