2008 2735
330 198 652 239 MARIAE
705 198 1208 240 RVTHENICA.
1313 203 1396 248 561

251 312 294 364 e)
327 308 483 351 Glacics
518 310 670 349 mar'ae
708 311 746 349 in
787 309 919 350 n'edio
952 309 1133 360 rubigine
1154 312 1291 361 exest,
1333 325 1404 351 ru-

386 376 518 423 bigine
555 373 729 414 martiali
768 374 916 421 simili,
953 374 1113 423 mollis,
1146 372 1235 414 laxa
1263 405 1273 423 ‚
1308 376 1402 415 fria-

388 437 478 478 bilsss
502 468 512 488 ‚
548 439 808 493 inaequaliter
842 437 1082 489 diuifibilis,
1119 439 1287 492 indeque
1310 439 1403 479 nul·

384 503 465 543 lius
498 504 711 544 momenti.
781 504 850 545 Est

239 583 291 644 f)
326 583 482 628 Glacics
535 584 685 625 mariae
732 596 754 623 e
808 583 935 636 nigris
970 582 1198 624 maiusculis
1236 580 1405 623 maculis

387 663 429 689 ac
467 650 565 689 arcis
600 650 762 702 impura
785 679 796 698 ,
847 660 986 689 ortum
1025 647 1180 688 trahens
1213 660 1235 687 a
1275 647 1403 687 scatu-

389 715 589 767 riginibus
623 714 767 756 vicinis
801 712 968 754 limosis.
1038 712 1108 753 Est

248 793 298 847 g)
335 791 491 834 Glacics
528 793 676 832 mariae
700 822 712 841 ,
746 792 845 844 picis
877 791 923 832 ad
961 790 1077 838 iussar
1099 820 1110 840 ‚
1146 798 1228 828 tota
1265 787 1432 848 nigra&⁴

393 857 530 896 eadem
565 857 611 896 de
645 855 784 897 caussa.
872 856 1076 907 Vtracquc
1112 863 1246 893 tamen
1289 851 1411 910 colli-

391 931 574 972 guntur,
625 930 666 961 ct
724 920 838 961 cistae
890 921 998 960 intus
1032 918 1113 958 illis
1146 926 1407 957 exornantur.

254 1059 294 1116 h)
325 1060 482 1104 Glacfes
518 1060 667 1101 mariae
703 1061 833 1102 striata
859 1091 870 1110 ,
902 1058 1115 1112 colligitur
1138 1090 1149 1111 ,
1188 1065 1230 1098 et
1264 1056 1404 1098 viliori

388 1125 521 1179 pretio
556 1126 762 1166 venditur.
829 1125 898 1166 Est
929 1125 1103 1178 denique

251 1207 286 1262 i)
322 1208 480 1250 Glacies
516 1210 662 1248 mariae
696 1208 892 1249 Wolosez
926 1208 1068 1258 dieta,
1118 1218 1220 1260 quae
1254 1205 1403 1246 attad’tu

386 1274 425 1312 in
460 1272 578 1312 frusta
607 1284 719 1313 acuta
751 1272 977 1317 collabitur.

133 1367 378 1411 Reme-lium
435 1366 637 1420 habetur,
691 1369 808 1409 cuius
858 1381 935 1422 ope
985 1367 1136 1409 vetusta
1171 1375 1211 1406 et
1246 1365 1402 1417 rubigi-

134 1436 224 1472 nola
259 1431 399 1484 glacies
432 1434 606 1486 reparari
632 1464 642 1484 ‚
676 1443 718 1474 et
753 1433 961 1486 puriffima
994 1432 1105 1473 reddi
1141 1431 1280 1484 potest.

285 1515 360 1554 Fac
396 1513 592 1553 lixiuium
628 1525 650 1553 c
683 1514 880 1555 cineribus
913 1513 954 1553 in
990 1524 1127 1554 vanna.
1196 1511 1308 1552 Hanc
1335 1512 1402 1551 su·

137 1588 255 1631 perne
289 1579 428 1628 obtcge
465 1576 616 1618 bacillis
638 1608 650 1628 ‚
702 1579 818 1631 super
852 1577 1012 1619 bacillos
1067 1589 1170 1630 ponc
1220 1575 1400 1616 lamellas

137 1641 275 1691 glaciei
310 1643 592 1694 rubginofiie,
639 1642 730 1682 dein
768 1655 942 1683 vanuam
980 1651 1019 1682 et
1053 1640 1223 1693 glaciem
1272 1653 1404 1693 panno

135 1705 308 1757 obtege‚
358 1708 533 1760 spatium
587 1707 881 1760 relinquendo,
934 1720 1004 1761 per
1052 1707 1161 1759 quod
1192 1706 1400 1746 candentes

138 1765 284 1819 lipides
316 1772 356 1813 in
390 1784 562 1812 vannum
600 1772 763 1812 iniicere
796 1771 912 1825 pOsfiS
933 1802 944 1821 ‚
986 1780 1027 1811 ct
1061 1782 1254 1824 vaporem
1286 1769 1400 1809 exci-

140 1840 221 1872 tare
243 1865 254 1884 ,
306 1847 326 1875 a
360 1847 441 1888 quo
475 1837 606 1876 sudare
642 1836 808 1890 incipiet
842 1835 998 1888 glacies.
1098 1834 1297 1876 Sudorem
1334 1833 1400 1873 ab-

140 1895 261 1949 sterge
282 1929 293 1947 ‚
326 1911 408 1951 quo
438 1900 541 1942 facio
573 1902 708 1942 omnis
739 1902 849 1941 intus
878 1910 992 1941 antea
1026 1898 1183 1940 occulta
1215 1899 1399 1937 immun-

134 1959 249 2002 dities
281 1961 473 2004 aufertur.

286 2043 323 2082 ‘s
329 2044 467 2094 unguii
503 2043 659 2087 fossores
692 2044 862 2097 glaciei,
895 2055 944 2084 eo
977 2043 1079 2095 quod
1114 2042 1277 2085 accensis
1311 2054 1399 2083 cre-

137 2108 217 2148 bris
270 2107 426 2158 ignibus
471 2108 659 2150 animalia
712 2108 790 2149 fera
821 2141 832 2162 ‚
882 2105 1131 2159 zobeuinas,
1180 2107 1402 2159 mustelas,

200 2170 735 2229 Tom.x11.Nou.C0mr112
926 2170 960 2214 B
978 2171 1001 2212 b
1019 2170 1041 2212 b
1058 2171 1081 2212 b
1302 2170 1400 2214 vul·
