2008 2735
377 147 700 193 RADloRVM
737 145 1286 190 DlvERsicoLonM.
1373 159 1464 197 17³

194 277 318 309 υς]
338 296 348 315 ,
397 263 725 318 quandoquidem
770 258 848 301 hoc
881 261 971 300 casu
1005 260 1109 301 radii
1145 259 1305 301 nullam
1339 260 1468 300 refra-

193 332 372 373 stionem
408 329 637 383 patiuntur.

633 433 1009 496 Scholion.

350 532 420 568 18.
457 526 562 566 Haec
596 523 837 580 hypothesis
870 525 975 567 mihi
1010 525 1093 565 iam
1128 523 1234 568 olim
1269 527 1323 567 ita
1369 533 1470 579 pro·

191 592 326 634 babilis
358 601 398 631 et
432 591 666 632 constantiae
702 601 866 631 naturae
900 590 1124 632 conformis
1156 592 1209 632 est
1240 591 1323 631 visa
1350 619 1361 639 ‚
1418 599 1468 632 vt

191 671 272 698 non
306 656 614 705 dubitauerim3
657 668 745 695 eam
779 666 975 710 tauquam
1011 656 1262 710 principium
1294 653 1471 695 Vniuer-

189 721 248 762 sae
282 721 523 775 Dioptricae
558 721 738 775 accipere
765 751 777 771 ,
810 723 919 774 quod
955 733 1036 761 non
1071 721 1210 761 minus
1245 732 1322 775 pro
1355 730 1470 761 certo

188 786 280 826 effet
314 786 648 834 admittendum,
680 797 806 838 quam
839 785 908 826 illa
943 786 1126 839 superius
1159 797 1469 827 commemora·

190 859 244 890 ta.
348 848 526 891 Nullam
580 850 693 889 enim
743 849 949 890 dubitandi
1002 850 1203 891 rationem
1249 850 1468 904 perspicere

190 924 374 968 poteram
401 945 411 964 ‚
459 927 533 953 cur
569 915 700 953 eidem
737 912 966 952 refractioui
1006 915 1158 952 mediae
1192 927 1273 953 non
1307 917 1469 956 caedem

188 990 352 1032 quoquc
386 977 641 1016 rest-astiones
675 983 882 1017 extremae
922 975 1155 1027 respondere
1189 978 1337 1016 censeri
1374 989 1469 1030 pos-

186 1043 282 1082 sent.
383 1040 489 1079 Huic
542 1039 673 1088 igitur
708 1039 913 1092 principio
944 1038 1244 1091 disquisitiones
1280 1052 1388 1081 meas
1420 1042 1472 1082 de

185 1103 360 1144 lentibus
392 1102 605 1144 obieetiuis
638 1113 690 1142 ex
724 1100 883 1156 duplici
917 1104 1087 1143 materia
1122 1102 1323 1158 pellucida
1348 1117 1469 1146 com-

186 1167 383 1223 ponendis
408 1198 420 1218 ‚
469 1179 573 1222 quae
607 1168 718 1209 vitio
750 1168 929 1209 diuersae
962 1168 1170 1209 radiorum
1217 1170 1470 1212 refrae‘tionis

186 1243 271 1271 non
305 1229 425 1270 effent
457 1232 653 1273 obnoxiae
676 1264 687 1285 ‚
721 1232 1081 1287 superstruxeram.
1165 1232 1292 1273 Nunc
1325 1244 1466 1275 autem

187 1294 317 1336 dubiis
349 1296 595 1345 grauissimis
618 1327 630 1346 ,
675 1309 778 1351 quae
808 1297 1062 1339 Acutiffimis
1096 1296 1316 1340 Geometra
1351 1298 1469 1341 clai-

190 1368 283 1402 raut
320 1357 361 1397 in
397 1358 526 1400 Mem.
564 1360 675 1400 Acad
724 1360 868 1402 scient.
905 1362 1101 1404 Parifinae
1135 1376 1212 1416 pro
1247 1365 1301 1405 A.
1327 1367 1465 1415 1756.

190 1423 378 1464 aduersus
419 1422 497 1464 hoc
552 1424 804 1477 principium
857 1426 1102 1478 proposuit,
1153 1437 1366 1480 permotus
1416 1428 1466 1467 de

186 1488 274 1527 eius
305 1487 545 1528 certitudine
582 1490 635 1528 ita
669 1489 850 1529 dubitare
882 1490 1032 1543 coepi,
1083 1499 1130 1531 vt
1165 1491 1204 1531 id
1241 1505 1321 1532 non
1373 1504 1465 1532 am·

187 1551 296 1606 plius
331 1553 570 1592 veritatibus
603 1552 822 1593 necessariis
856 1556 1210 1595 annumerandum
1244 1558 1463 1606 censerem,

188 1617 253 1657 vti
286 1617 451 1671 quidem
486 1617 620 1658 statim
657 1618 763 1659 mihi
798 1627 884 1657 erat
925 1618 1060 1658 visum
1082 1649 1093 1669 ‚
1142 1617 1204 1659 sed
1255 1621 1465 1674 agnoscere

187 1681 279 1723 sum
314 1681 474 1722 coastus
496 1713 508 1732 ‚
550 1682 654 1723 nihil
691 1683 888 1737 impedire
911 1711 923 1731 ‚
974 1695 1058 1737 quo
1093 1682 1229 1723 minus
1264 1683 1365 1725 aliae
1400 1683 1465 1724 le-

191 1758 259 1798 ges
293 1747 335 1787 in
370 1756 513 1786 natura
550 1746 688 1788 Iocum
724 1747 865 1788 habere
899 1756 1058 1800 queant.
1125 1747 1264 1804 Quam
1299 1749 1348 1789 ob
1369 1760 1462 1789 rem

192 1810 261 1851 hic
291 1811 392 1853 istud
443 1812 631 1865 equidem
686 1811 934 1866 principium
988 1824 1208 1864 propono,
1265 1812 1327 1853 sed
1379 1824 1463 1853 non

192 1884 385 1926 tanquam
419 1875 551 1917 solnm
575 1909 586 1928 ‚
630 1877 676 1918 ad
710 1878 817 1932 quod
851 1875 1097 1916 refrastionis
1133 1885 1274 1916 natura
1310 1875 1357 1917 fit
1391 1876 1465 1918 ad-

191 1938 356 1989 stricta3
389 1951 536 1981 verum
572 1942 712 1983 deinde
747 1943 976 1982 innumerus
1010 1939 1106 1980 alias
1141 1939 1247 1992 leges
1280 1940 1354 1997 ipsi
1389 1942 1464 1982 ad-

190 2006 361 2055 iungam
385 2033 398 2052 ,
425 2017 527 2057 quae
561 2007 713 2058 pariter
748 2009 789 2048 in
823 2016 965 2048 natura
1000 2003 1137 2045 locum
1174 2004 1318 2047 habere
1350 2004 1461 2060 poss‘e

189 2068 418 2112 videantur.
487 2068 586 2126 Quo
613 2071 719 2114 facto
750 2070 976 2113 accuratius
1009 2069 1284 2126 inuestigabo,
1333 2082 1460 2126 quae·

796 2135 838 2176 Y
874 2147 899 2184 3
1361 2146 1461 2178 narn
