2008 2735
512 184 602 231 406
793 176 890 220 DE
959 175 1516 221 FORMATIONE

512 308 564 348 go
598 293 802 334 dicuntur.
884 291 1004 348 Quod
1037 302 1171 335 autem
1207 292 1403 335 corollam
1438 302 1478 334 et
1512 291 1676 335 stamina
1715 301 1777 335 at-

515 361 646 410 tinet,
679 370 721 396 ea
759 356 910 397 iterum
947 356 1050 397 nihil
1085 358 1194 400 aliud
1229 358 1333 408 esse,
1390 370 1515 412 quam
1551 357 1649 398 solia
1685 370 1778 399 mo-

512 423 700 471 dificata,
752 420 789 460 id
841 432 893 463 cx
946 420 1210 475 peculiaribus
1266 422 1405 466 saltem
1438 421 1780 463 obseruationibus

513 487 649 538 colligi
686 485 818 538 potest.
921 485 1119 527 Videmus
1154 487 1262 528 haud
1295 499 1386 528 raro
1417 488 1458 528 in
1495 487 1641 540 plantis
1672 486 1780 526 indi-

512 551 648 593 viduis
684 549 845 589 lacinias
879 548 1025 602 calycis
1058 551 1099 590 in
1133 549 1260 605 petala
1282 581 1293 601 ‚
1338 561 1379 594 et
1414 550 1510 591 haec
1546 553 1633 593 vice
1668 550 1778 592 versa

515 618 555 656 in
611 613 772 656 lacinias
823 613 967 665 calycis
1015 615 1152 666 abire3
1204 614 1341 669 quodsi
1395 626 1494 667 ergo
1528 614 1599 657 hae
1633 615 1782 667 calycis

517 680 680 720 laciniae
711 678 804 718 folia
840 691 956 730 vera,
991 678 1164 722 corollae
1198 689 1337 721 autem
1372 680 1500 733 petala
1534 680 1697 720 laciniae
1719 691 1785 718 ca-

516 745 674 796 lycinac
709 745 826 793 {iint3
881 757 1003 788 nemo
1035 744 1230 786 dubitabit
1263 744 1353 783 inde
1398 744 1587 796 colligere
1609 776 1619 795 ‚
1659 741 1786 796 petala

516 821 678 862 quoque
714 820 807 849 vera
838 807 932 849 folia
971 808 1200 849 modificata
1250 808 1341 848 effe.
1442 807 1579 850 Simili
1633 808 1788 847 ratione

520 874 686 914 stamina
722 873 830 926 lacpe
867 872 906 915 in
944 873 1215 925 polyandricis
1251 871 1410 912 Limmei
1443 871 1591 925 plantis
1628 870 1669 910 in
1720 880 1791 922 pe-

522 937 598 976 ta'a
633 937 870 987 degenerare
905 937 1162 979 observ-anius
1185 969 1195 987 ,
1252 936 1355 976 vnde
1390 935 1507 977 flores
1560 934 1667 988 pleni
1719 945 1791 973 na-

521 1001 683 1041 scuntur
707 1031 717 1050 ,
761 999 988 1050 iterumque
1025 1002 1154 1051 petala
1188 1001 1235 1039 ad
1272 999 1436 1042 stamina
1470 999 1599 1039 redire
1627 1028 1637 1048 ,
1687 997 1792 1038 vnde

523 1062 643 1103 simili
682 1063 834 1102 ratione
877 1062 1026 1101 iterum
1085 1073 1194 1115 patet
1218 1092 1228 1110 ‚
1282 1062 1445 1101 stamina
1500 1074 1661 1115 quoque
1714 1061 1794 1113 ipsa

521 1128 650 1180 quoad
687 1127 794 1167 suam
834 1136 1019 1165 naturam
1056 1126 1219 1180 proprie
1255 1124 1348 1163 folia
1381 1122 1465 1166 effe.
1566 1124 1622 1163 Vt
1676 1125 1790 1164 breui

521 1203 589 1232 me
639 1191 848 1244 expediam
877 1220 886 1238 ,
935 1190 975 1230 in
1029 1198 1110 1229 tota
1162 1188 1327 1241 planta,
1378 1188 1492 1228 cuius
1528 1197 1660 1240 partes
1695 1187 1792 1227 adeo

526 1253 700 1294 mirifice
724 1285 734 1303 ‚
784 1253 881 1292 adeo
931 1251 1088 1303 egregie
1136 1251 1264 1292 varias
1302 1251 1438 1304 primo
1471 1250 1629 1301 asperii-u
1668 1249 1794 1288 mira-

521 1330 617 1361 mur
639 1349 649 1368 ,
683 1316 869 1358 omnibus
906 1315 981 1356 rite
1013 1314 1265 1355 consideratis
1287 1342 1298 1362 ‚
1333 1313 1503 1366 denique
1539 1311 1640 1352 nihil
1685 1311 1794 1354 aliud

522 1382 673 1433 video,
726 1378 911 1433 nihilque
964 1377 1073 1420 aliud
1107 1378 1272 1430 agnosco
1308 1386 1462 1430 praeter
1496 1375 1589 1417 folia
1624 1386 1663 1416 et
1697 1388 1795 1416 cau-

524 1445 606 1486 lem
633 1476 643 1495 ‚
677 1443 807 1484 (radix
837 1444 947 1483 enim
985 1443 1028 1483 ad
1065 1443 1221 1484 caulem
1251 1441 1443 1481 referenda
1466 1438 1548 1494 est).
1616 1440 1698 1480 Hae
1721 1453 1793 1481 ve-

524 1524 570 1550 ro
601 1510 690 1550 sunt
726 1517 854 1562 partes
888 1507 1147 1548 immediatae
1181 1516 1221 1546 et
1256 1505 1522 1559 compositam,
1555 1514 1684 1558 partes
1707 1517 1794 1546 mc·

523 1576 648 1614 diat-ae
673 1604 682 1622 ‚
715 1583 755 1613 et
790 1570 988 1623 simplices
1013 1601 1023 1620 ,
1072 1583 1123 1612 ex
1158 1571 1301 1624 quibus
1335 1570 1427 1613 illae
1457 1578 1793 1624 componuntur,

526 1639 615 1677 sant
652 1636 737 1676 vasa
771 1646 811 1677 ct
846 1633 1048 1677 vesiculae.

674 1765 706 1813 ξ.
744 1776 783 1811 4.
837 1762 879 1804 Si
930 1774 1027 1815 ergo
1077 1775 1217 1804 omnes
1271 1762 1427 1817 plantae
1479 1771 1608 1815 partes
1638 1769 1795 1815 praeter

528 1829 683 1871 caulem
708 1859 718 1878 ,
753 1829 799 1868 ad
836 1828 1004 1868 Vnicum
1042 1827 1234 1868 foliorum
1270 1839 1392 1879 genus
1427 1826 1609 1867 rcdustae
1631 1857 1642 1875 ,
1689 1825 1795 1866 nihil

531 1894 691 1945 proprie
727 1895 815 1931 lunt
850 1903 972 1945 quam
1009 1891 1102 1933 folia
1138 1891 1394 1940 modificatam
1442 1891 1555 1932 facile
1586 1891 1675 1932 inde
1723 1903 1794 1945 pa-

531 1968 587 1996 tet
611 1987 620 2003 ,
657 1956 854 1997 theoriam
892 1957 1160 2007 generationis
1197 1956 1429 2009 plantarum
1464 1968 1544 1995 non
1579 1955 1675 1994 adeo
1717 1955 1794 1996 dif-

530 2020 626 2060 ficili
667 2022 828 2070 negotio
861 2019 1137 2064 abthluendam
1173 2019 1277 2069 effe3
1321 2019 1453 2073 quin,
1503 2019 1600 2072 quid
1646 2017 1707 2061 illi
1741 2020 1797 2059 fii-

530 2084 717 2125 cicndnm
773 2083 852 2134 sit,
900 2086 967 2138 qui
1022 2085 1124 2125 velit
1179 2084 1278 2124 lianc
1328 2083 1528 2124 theoriam
1562 2082 1794 2129 elaborare,

1673 2156 1794 2197 acque
