2008 2735
325 190 714 234 TVBVLARIAE
764 187 1113 234 FVNGmSAE.
1261 202 1316 243 57
1329 203 1346 233 1

237 305 273 347 Ε
324 302 484 354 singulo
534 300 755 356 superficiei
792 315 894 357 poro
933 304 1148 345 efflorescit
1175 303 1325 358 pob'sus
1350 336 1361 357 ‚
1386 304 1458 348 Fig.
1491 315 1525 339 1·

89 370 206 425 plane
236 382 313 410 non
346 367 648 419 distinguendus
682 366 729 408 ab
763 369 811 408 iis
834 399 844 419 ‚
896 382 997 422 quos
1048 365 1357 410 TREMBLE-
1386 365 1417 388 ⁶·
1445 356 1474 388 ¹²·
1504 365 1533 387 ‘⁸

85 435 176 478 IVS
223 433 389 474 nomine
444 431 715 485 christatorum
768 432 956 488 (Polypes
1009 433 1029 474 a
1080 430 1284 488 panaches)
1318 442 1360 474 ct

89 497 403 542 ROESELIVS
446 505 695 553 pennatorum
748 498 873 538 titulo
906 498 1171 543 (Federbusch
1194 521 1211 526 -
1236 497 1360 552 poly-

82 564 179 618 pen)
213 561 476 604 delinearunt.
558 562 734 617 Quando
769 561 936 604 massam
975 563 1138 618 polypis
1171 563 1250 604 suis
1292 565 1360 604 in-

83 626 270 670 structam
309 629 347 668 in
382 625 517 682 phiala
552 639 654 681 aqua
698 626 815 680 plena
837 659 848 678 ‚
887 628 980 669 loco
1010 630 1147 682 quieto
1182 627 1359 681 reposui,

81 691 291 744 apparebat
347 693 488 746 primo
531 692 573 732 in
609 691 790 746 quolibet
826 705 927 747 poro
961 693 1070 747 quasi
1106 692 1263 747 vcficula
1297 692 1360 733 al-

79 753 170 797 bido
194 781 206 786 -
231 754 425 810 pellucida
449 788 460 809 ‚
494 755 631 797 obtusa
654 787 665 807 ,
698 755 845 798 nucleo
877 757 1009 799 albido
1030 790 1041 810 ,
1100 759 1228 810 magis
1262 770 1363 811 opa-

77 832 128 861 co
181 831 329 863 notata.
425 822 510 863 Hae
572 821 772 864 vesiculae
814 821 954 863 senfim
992 823 1123 873 magis
1155 832 1195 862 et
1233 824 1361 874 magis

79 885 412 940 protuberabant‚
448 886 688 939 tandemque
720 885 874 937 cylindri
911 888 1087 927 truncati
1125 888 1361 940 inspeciem

79 960 240 1004 apertae
272 951 510 993 emittebant
552 950 717 1007 polypum
771 949 996 1000 lunatum,
1049 950 1171 993 radiis
1223 961 1357 992 tener-

76 1016 230 1066 rimis,
265 1017 490 1070 patentibus
513 1046 524 1066 ,
558 1014 785 1057 subrcflcxis
808 1045 819 1065 ‚
853 1015 1017 1056 circiter
1055 1021 1140 1065 36,
1179 1015 1358 1067 pectina-

78 1089 202 1132 tum3
232 1081 304 1133 qui
337 1082 467 1121 forma
503 1093 524 1120 a
559 1079 893 1122 TREMBLEII
927 1089 968 1120 et
1002 1079 1274 1122 ROESELII
1310 1079 1357 1119 fi-

75 1145 190 1198 guris
221 1144 396 1198 egregiis
431 1156 480 1185 ne
514 1142 649 1184 hilum
685 1144 847 1184 differre
897 1145 1123 1185 videbatur.
1224 1144 1360 1196 Magis

75 1219 214 1250 tamen
250 1208 402 1261 torpidi
437 1207 526 1247 sunt
562 1206 606 1247 hi
643 1207 825 1261 polypi,
857 1220 984 1261 neque
1020 1218 1067 1249 vt
1102 1207 1285 1260 descripti
1314 1208 1360 1249 ab

78 1274 158 1315 istis
191 1272 237 1313 ad
274 1271 498 1312 minimum
535 1273 760 1324 quemlibet
803 1282 969 1313 motum
1022 1271 1228 1313 retrahere
1276 1272 1360 1313 cri-

76 1338 174 1381 stam
207 1334 330 1378 {olent
351 1365 363 1386 ‚
396 1337 486 1377 imo
521 1336 633 1390 saepe
657 1367 668 1387 ‚
700 1348 752 1376 ex
786 1348 871 1378 vno
905 1337 1068 1379 vasculo
1103 1338 1286 1378 celeriter
1314 1338 1358 1379 in

76 1402 254 1444 alterum
289 1413 390 1455 aqua
426 1399 629 1453 repletum
666 1399 857 1442 translata
893 1402 1013 1443 maffa
1040 1433 1051 1452 ‚
1084 1403 1230 1444 exserti
1265 1414 1356 1443 ma-

77 1476 207 1518 nent3
243 1465 337 1508 tacti
372 1475 509 1508 tamen
544 1466 629 1508 telo
662 1478 792 1519 ocyus
827 1467 868 1507 in
907 1467 1102 1508 tubulum
1138 1469 1318 1509 redeunt.

227 1562 427 1605 Laceratis
460 1563 590 1605 maffis
623 1563 781 1616 copiose
815 1563 855 1604 in
891 1575 1037 1618 aquam
1072 1574 1235 1605 enatant
1255 1576 1357 1618 gra-

78 1626 165 1670 nula
195 1626 364 1681 depressa
388 1660 399 1680 ‚
429 1628 562 1669 oualia
584 1659 596 1679 ,
628 1627 860 1670 duriuscula
883 1659 895 1680 ,
928 1640 1052 1683 opaca
1075 1659 1086 1680 ,
1126 1629 1232 1670 fusco
1251 1651 1268 1658 -
1291 1627 1357 1668 ni·-

82 1705 177 1746 gra,
211 1692 376 1745 analoga
414 1691 519 1744 illis,
553 1706 655 1747 quae
687 1694 812 1735 etiam
847 1694 888 1734 in
923 1692 1130 1735 'Iuhularia
1162 1692 1358 1735 coralloide

77 1768 118 1798 et
146 1756 344 1813 gelatinosa
381 1758 653 1801 obseruantur.
726 1759 975 1800 Huiusmodi
1026 1758 1151 1799 etiam
1204 1758 1353 1810 integri

81 1822 226 1877 polypi
263 1822 302 1862 in
336 1834 436 1876 aqua
466 1823 534 1864 diu
572 1822 704 1865 relic‘ti
724 1855 734 1873 ‚
764 1824 827 1866 sed
865 1825 1023 1877 parcius
1056 1821 1197 1865 senfim
1216 1835 1356 1864 excer-

79 1896 183 1926 nunt
218 1885 416 1940 granula3
449 1900 550 1943 quae
584 1901 632 1930 an
667 1889 790 1931 ouula
820 1889 984 1930 dicenda
1018 1886 1095 1928 sint
1117 1918 1130 1940 ‚
1163 1899 1240 1939 ego
1274 1887 1352 1927 hoc

79 1950 170 1992 loco
206 1952 404 2005 disputare
438 1952 566 1995 nolo:
607 1964 865 1996 excrementa
899 1963 1008 1995 certe
1044 1953 1095 1993 ob
1128 1952 1252 1991 nimis
1285 1963 1352 1991 rc-

79 2015 265 2067 gularem
298 2016 471 2059 formam
496 2049 509 2072 ‚
542 2027 583 2059 et
614 2019 914 2061 consistentiam
949 2013 1251 2070 duriusculam,
1276 2017 1351 2058 vix

77 2081 150 2123 effe
185 2079 379 2123 dixerim.

618 2173 832 2219 cccc2
1249 2172 1350 2222 Sub-
