2008 2735
386 197 1221 245 INTESTINORVM.
1343 216 1434 257 473

313 319 345 368 ξ.
379 327 450 366 79.
505 314 659 357 Eadem
709 325 842 367 ergo,
890 320 962 354 aut
1012 312 1158 358 similis
1196 316 1266 357 sub
1299 317 1439 373 aliquo

163 384 340 440 respectu
372 382 478 423 ac'tio
510 382 551 422 in
587 380 849 432 generatione
882 378 1069 420 animalis
1108 380 1321 436 aliquoties
1375 396 1441 424 re·-

161 451 287 507 petita
318 448 494 490 obtinere
526 446 725 497 videtur;
780 457 862 486 non
897 457 976 486 vna
1010 446 1219 488 causarum
1254 459 1295 489 et
1345 449 1439 490 effe-

163 517 303 558 ‹stuum
329 545 341 565 ,
373 525 444 554 nec
480 511 614 568 plures
647 510 854 561 diuersae,
904 511 1035 551 series.
1136 511 1247 554 Cum
1301 522 1439 556 autem

163 579 356 638 producta
391 577 486 620 haec
522 577 732 629 systemata
754 607 766 627 ,
817 574 914 616 licet
946 575 1126 631 respectu
1162 579 1320 619 externi
1363 577 1440 620 ha-

160 647 265 688 bitus
297 643 445 686 similia
481 642 558 683 sint
594 644 699 682 inter
734 639 770 681 se
794 672 805 692 ,
855 639 1033 693 respectu
1085 652 1219 684 tamen
1271 653 1438 685 naturae

157 711 247 754 suae
283 720 371 752 toto
403 707 517 749 coelo
550 720 571 747 a
606 710 641 748 se
676 707 860 746 inuicem
895 704 1108 759 differant3
1151 706 1260 749 facile
1293 719 1404 763 patet
1425 742 1436 762 ,

158 776 290 819 causae
319 785 504 830 quoque,
538 772 679 825 quibus
715 770 758 811 hi
793 771 952 822 analogi
988 771 1098 812 actus
1134 774 1364 815 excitantur
1383 774 1436 816 si-

161 841 316 882 militer
351 849 399 879 vt
430 836 615 879 differant
652 837 756 877 inter
788 837 823 876 se
847 867 857 886 ,
893 836 1036 878 necefl‘e
1070 836 1153 878 effe.
1230 839 1336 880 Hinc
1370 853 1439 880 er·

159 918 213 959 go
263 904 443 947 conditio
492 903 675 955 corporis
725 899 911 941 animalis
941 934 952 953 ‚
1009 914 1089 943 non
1139 903 1314 944 obstante
1363 903 1437 946 hac

157 970 338 1022 analogia
360 1000 370 1019 ‚
427 978 561 1007 tamen
615 967 737 1016 longe
787 965 921 1005 differt
957 977 978 1004 a
1012 966 1242 1007 conditione
1279 967 1437 1021 planta-

157 1048 248 1076 rum
286 1035 331 1083 (ᾗ.
367 1028 423 1084 9.)
458 1040 501 1069 et
535 1030 707 1069 omnino
738 1025 858 1079 plura
880 1059 890 1079 ‚
932 1041 1056 1082 eaque
1075 1029 1248 1083 diuersa,
1281 1033 1437 1085 princi-

155 1099 221 1153 pia
274 1102 524 1138 concurrunt
570 1090 619 1132 ad
670 1091 983 1133 construendum
1037 1106 1185 1148 corpus
1225 1095 1436 1151 animale,

152 1175 249 1205 cum
286 1162 326 1201 in
363 1159 510 1214 plantis
543 1169 676 1197 vnum
712 1156 904 1210 idemque
940 1156 1188 1211 principium
1224 1160 1275 1201 fit
1297 1193 1308 1212 ‚
1362 1174 1435 1204 cu·

155 1229 219 1267 ius
255 1221 542 1264 tantummodo
575 1220 682 1259 aeuo
716 1233 788 1273 per
824 1220 1004 1274 aliquam
1035 1224 1194 1263 causam
1246 1227 1435 1267 acceden-

155 1301 239 1332 tem
274 1285 545 1328 modificatur.
614 1284 661 1325 In
694 1283 872 1338 plantis,
906 1294 954 1325 vt
969 1284 1079 1325 breui
1099 1287 1228 1327 dicam
1252 1320 1263 1340 ‚
1298 1302 1432 1332 vnum

154 1353 402 1410 principium
439 1351 574 1405 plures
611 1358 742 1403 partes
777 1349 965 1403 producit
987 1381 998 1401 ‚
1050 1350 1110 1392 sed
1147 1351 1220 1394 hae
1253 1365 1274 1393 a
1322 1356 1434 1397 causa

156 1421 326 1474 quadam
365 1416 568 1457 accedente
603 1414 716 1455 varie
753 1414 1042 1455 modificantur
1095 1417 1270 1471 respectu
1325 1419 1437 1472 figu-

157 1497 222 1526 rae
246 1515 257 1535 ,
305 1479 600 1534 magnitudinis
652 1488 693 1519 et
725 1479 1007 1533 dispositionis.
1109 1480 1157 1522 In
1194 1483 1435 1525 animalibus

156 1550 276 1603 plura
309 1557 348 1587 et
381 1546 532 1589 diuerlii
567 1545 765 1599 principia
802 1543 917 1598 plura
951 1554 990 1584 et
1025 1543 1177 1586 diuersa
1222 1548 1432 1599 systemata

157 1614 416 1667 producunt,
467 1622 566 1664 quae
618 1621 750 1660 vcro,
802 1609 1172 1665 quomodocunque
1215 1610 1291 1655 hoc
1326 1613 1429 1667 fiat,

154 1678 367 1721 secundum
402 1689 528 1719 vnum
564 1687 754 1716 normam
790 1674 1058 1728 effinguntur.

306 1809 338 1856 ξ.
379 1815 447 1851 80.
499 1809 565 1850 Ex
598 1809 734 1849 cadem
773 1807 841 1848 illa
877 1810 1053 1861 partium
1090 1808 1270 1861 analogia
1307 1811 1427 1853 simul

157 1873 331 1926 rcspcfm
367 1884 526 1915 naturae
578 1873 760 1927 corporis
812 1872 998 1912 animalis
1054 1883 1193 1924 patet,
1247 1888 1324 1916 non
1377 1889 1429 1918 ex

157 1939 333 1991 partibus
382 1939 616 1991 quibusdam
673 1937 911 1977 immediate
963 1936 1153 1977 amm-iiia
1204 1940 1428 1994 composita

155 2001 259 2053 eisc,
312 2012 357 2042 vt
414 2005 542 2054 vulgo
591 2013 813 2056 putantur,
864 2001 923 2042 scd
958 2013 1009 2040 cx
1044 2002 1211 2052 inte-gris
1247 2007 1427 2058 partium

155 2068 424 2115 sulem-atilius
451 2099 460 2114 ,
497 2068 726 2107 cuiusmodi
766 2067 930 2116 systema
970 2065 1190 2108 munnam
1217 2099 1227 2116 ‚
1264 2070 1429 2112 muscu-

155 2131 319 2182 losum,
357 2132 617 2183 sanguineum
645 2162 654 2179 ,
691 2130 910 2170 intestinale
932 2161 941 2179 2
995 2140 1066 2173 etc.
1105 2133 1289 2174 censenda
1325 2136 1425 2175 sunt.

218 2194 760 2237 Tom.Xll.Nou.Comm.
938 2194 1065 2236 Ooo
1256 2195 1291 2250 (§
1331 2199 1423 2252 10.)
