2008 2735
480 163 669 208 TOB.
738 163 1098 207 ME-YER.
1341 163 1426 216 3'31

155 283 346 325 cussiones
380 278 533 322 tabulae
567 278 771 333 impressas
793 307 804 328 ,
849 285 890 318 et
924 277 1134 332 postquam
1171 278 1206 318 se
1240 277 1431 332 disposuit

161 351 352 391 limatura
403 346 531 396 ferri,
583 346 626 385 in
675 343 875 385 consuetas
926 355 1071 383 curuas
1122 342 1323 397 ellipticas
1352 374 1363 395 ,
1412 358 1435 386 a

162 425 274 468 parte
308 410 464 454 australi
496 411 541 451 ad
574 410 777 451 borealem
813 409 1012 459 magnetis
1047 409 1252 450 tendentes
1274 441 1285 460 ,
1332 421 1435 450 ocu-

160 480 300 520 lorum
336 476 484 518 iudicio
517 485 557 516 et
591 473 858 516 aestimationi
908 472 1080 513 confisus
1101 504 1112 524 ,
1163 473 1437 528 plumbaginis

158 545 269 598 apice
291 574 301 593 ,
335 543 377 582 in
409 541 547 582 charta
580 541 708 582 centri
744 550 968 580 curu-arum
999 536 1278 592 ellipticarum
1302 540 1438 580 locum

161 609 322 660 designo
344 637 355 658 ,
382 602 518 648 'cuius
573 606 713 647 deinde
746 605 792 646 ab
824 613 1003 658 vtroque
1036 614 1227 648 extremo
1263 606 1440 659 prisma-

160 675 209 714 tis
245 672 461 724 magnetici
496 671 724 713 distantiam
760 670 956 711 dimetior
982 699 995 721 ,
1030 669 1161 723 sicque
1196 683 1293 712 cum
1328 671 1442 711 secu-

160 739 278 779 ritate
312 737 500 779 dimidiae
522 769 532 787 ,
585 746 655 776 aut
688 736 735 776 ad
772 737 984 777 summum
1009 766 1019 786 ,
1068 736 1247 787 integr-‚ie
1283 735 1409 776 lineae
1431 766 1443 786 ,

161 802 410 856 experientia
449 802 541 844 teste
564 832 575 853 ,
623 802 841 853 magnerici
875 800 1004 842 centri
1039 799 1162 841 situm
1197 801 1442 843 determino,

317 910 414 952 Alia
466 911 584 950 datur
638 907 894 959 methodus,
945 910 1075 949 centri
1119 906 1244 947 situm
1279 909 1446 951 inuesti-

164 976 283 1027 gandi
309 1005 319 1024 ,
366 987 488 1028 quam
528 985 627 1012 vero
659 973 793 1011 minus
829 972 1002 1012 securam
1046 971 1153 1021 effe,
1206 982 1250 1010 ac
1299 973 1446 1013 admo·

163 1041 264 1079 dum
300 1037 530 1076 sensibiliter
568 1034 705 1075 fiillere
742 1034 846 1088 posse
868 1067 879 1086 ,
913 1045 1109 1089 expertus
1142 1033 1275 1077 affero.
1344 1037 1445 1077 Vir-

161 1113 210 1153 ga
246 1099 492 1154 exploranda
530 1099 570 1139 in
608 1099 793 1140 verticali
829 1099 907 1142 situ
961 1100 1122 1141 detenta
1144 1130 1155 1149 ‚
1205 1113 1300 1142 acus
1355 1113 1447 1142 ma-

161 1166 342 1219 gneticae
390 1164 578 1206 alterutri
631 1165 760 1219 polo,
813 1178 851 1207 v.
910 1177 949 1219 g.
984 1166 1106 1207 boreo
1136 1164 1205 1211 D,
1240 1164 1348 1221 (Fig.
1390 1163 1443 1222 1.)
1472 1176 1561 1215 Tab.
1589 1176 1651 1212 VI.

161 1232 431 1271 admouentur
462 1238 653 1269 extremo
685 1232 756 1270 suo
788 1231 853 1281 A,
883 1243 927 1272 ac
959 1230 1257 1280 obseruabitur‚
1297 1231 1326 1270 si
1361 1226 1445 1273 AB

163 1296 288 1336 fuerit
324 1294 466 1344 virgae
502 1293 620 1346 polus
651 1294 850 1347 borealis,
902 1294 1045 1349 repelli
1079 1295 1238 1349 apicem
1281 1295 1448 1337 verstirii

169 1360 223 1402 D.
293 1357 494 1399 Eleuetur
528 1367 620 1397 tum
657 1357 763 1399 lente
797 1360 916 1411 virga
939 1390 950 1410 ,
1000 1368 1118 1413 atque
1150 1359 1329 1414 repulsio
1363 1363 1451 1402 scn-

168 1424 244 1466 sim
281 1423 503 1476 sensimque
537 1423 732 1465 decrescet
757 1454 767 1474 ‚
818 1424 1045 1478 vsquedum
1081 1426 1255 1465 omnino
1288 1425 1451 1467 insensi-

167 1490 257 1530 bilis
309 1488 484 1539 euadat,
531 1498 644 1542 atque
699 1487 861 1530 tandem
916 1489 956 1529 in
1009 1490 1295 1530 attractionem
1329 1491 1448 1534 abeat.

169 1556 230 1597 Ea
267 1553 349 1594 iam
383 1553 524 1605 virgae
559 1554 673 1606 regio
694 1585 705 1606 ,
739 1565 840 1607 quae
875 1553 916 1593 in
951 1565 1043 1594 acus
1078 1556 1236 1608 apicem
1271 1554 1332 1606 D,
1355 1554 1450 1596 nul·

172 1620 253 1661 lam
292 1631 361 1659 iiec
397 1617 684 1659 attractionem
721 1630 792 1659 nec
826 1616 1099 1672 repulsionem
1143 1631 1326 1660 exercere
1377 1620 1451 1661 ob·

169 1687 383 1735 seruatur,
431 1684 638 1726 continere
683 1693 872 1726 centrum
927 1683 1242 1737 magneticum‚
1290 1685 1453 1726 censen·

173 1750 220 1791 da
254 1749 320 1789 est.

327 1837 413 1893 Qui
450 1837 696 1880 methodum
729 1838 833 1880 lianc
867 1838 1088 1880 teiitauerit
1109 1871 1120 1891 ,
1165 1850 1289 1893 quam
1322 1837 1456 1880 lubri-

179 1913 221 1943 ca
257 1901 336 1955 ipsa
370 1901 443 1953 sit,
477 1904 611 1945 statim
645 1906 878 1947 obseruabit.
943 1904 1092 1944 Versus
1130 1905 1313 1946 medium
1336 1915 1455 1945 nem-

182 1978 230 2021 pe
264 1968 406 2018 virgae
428 1999 439 2019 ,
481 1969 523 2009 in
555 1970 767 2022 regionem
789 2002 801 2023 ,
852 1982 928 2024 pro
958 1971 1355 2012 circumstantiarum
1388 1980 1456 2010 raa

188 2033 297 2073 tione
332 2031 467 2087 plures
502 2034 669 2087 pollices
700 2035 869 2089 longam
905 2032 1054 2076 incidet
1076 2067 1087 2088 ,
1127 2037 1302 2090 quaein
1335 2039 1456 2076 acum

186 2096 346 2138 nullam
379 2097 603 2140 sensibilem
637 2101 838 2144 afflonem
878 2099 1057 2143 exserere
1105 2092 1270 2145 videtur
1291 2132 1303 2154 ,
1349 2098 1456 2140 vnde

812 2165 886 2206 Tt
925 2179 949 2205 2
1339 2175 1454 2206 erro-
