2008 2735
403 2086 491 2124 Tab.
518 2091 574 2125 X'I.

429 2141 501 2185 Fig.
532 2152 565 2178 2.

592 219 683 268 516
869 212 1561 260 OBSERVATIONES

588 333 723 374 derem
747 359 759 381 ,
810 329 1008 385 videoque
1044 341 1242 387 praeterea
1263 363 1274 384 ‚
1307 332 1411 372 circa
1443 341 1611 372 omnem
1650 328 1760 371 illius
1793 329 1860 372 hi·

587 396 749 439 storiam
793 397 1087 439 correctionem
1140 398 1278 438 locum
1332 398 1471 437 habere
1526 394 1640 450 poffe.
1747 396 1860 449 Ergo

589 460 796 502 Osmunda
816 459 971 500 lunaria
1007 462 1113 502 mihi
1149 463 1313 515 proprie
1350 461 1417 502 ill-,1
1452 460 1527 511 est,
1563 473 1662 513 quae
1696 462 1859 514 gaudet,

588 530 702 579 scapo
753 525 913 565 caulino
946 524 1160 577 solitario,
1213 527 1430 579 frondeque
1476 526 1637 578 pinnata
1673 525 1858 569 solitaria.

590 589 812 645 Descripsit
827 602 918 630 eam
952 590 1217 632 LINNEVS
1252 590 1288 629 in
1318 589 1415 631 hort.
1450 589 1550 645 Cliff
1581 598 1619 645 p.
1657 601 1762 640 472.

737 672 991 714 Osmundam
1027 674 1126 715 folio
1161 673 1400 728 pinnatifido
1423 705 1433 725 ,
1487 676 1618 729 pinnis
1654 675 1861 718 lunulatis.

590 735 783 791 Adpellat
816 749 907 778 eam
943 737 1442 782 TOVRNEFORTIVS
1477 740 1728 781 Osmundam
1758 742 1864 782 soliis

588 802 790 844 lunulatis.
882 802 1009 843 Extat
1046 804 1085 844 in
1122 802 1257 845 histor.
1297 803 1419 858 plant.
1457 802 1567 845 Ioan.
1604 804 1861 846 BAVHINI

592 868 643 909 T.
681 866 762 909 111.
800 879 838 920 p.
879 877 984 917 709.
1024 868 1089 910 sub
1124 869 1291 909 nomine
1327 869 1525 911 Lunariae
1559 868 1749 921 botrytis.

745 945 945 987 Describit
978 946 1229 1001 delineatque
1262 946 1376 988 illam
1413 947 1714 990 BREYNIVS
1736 980 1747 999 ‚
1792 962 1867 1003 pa·

594 1019 688 1060 ter,
740 1012 782 1051 in
834 1008 949 1051 Cent.
1005 1011 1125 1065 plant.
1163 1012 1197 1052 1.
1232 1013 1281 1053 ic.
1317 1024 1390 1061 93.
1425 1025 1461 1066 p.
1503 1019 1603 1062 183.
1638 1013 1706 1055 sub
1739 1014 1867 1055 deno-

593 1082 817 1115 minatione
830 1087 840 1122 3

745 1137 978 1178 Osmundae
1014 1136 1234 1179 racemosae
1270 1137 1441 1178 minoris
1465 1169 1476 1189 ‚
1527 1139 1637 1192 quod
1685 1140 1865 1193 synony-

592 1213 692 1241 mon
726 1200 992 1241 LINNEVS
1029 1214 1104 1252 pro
1138 1202 1334 1240 varietate
1366 1202 1498 1253 aliqua
1533 1202 1727 1253 singulari
1769 1205 1867 1245 nul·

595 1263 638 1306 lo
668 1265 758 1303 iure
793 1262 977 1305 recenset.

743 1342 850 1384 Haec
883 1343 1060 1385 Lunaria
1091 1341 1223 1385 vbiuis
1256 1343 1297 1384 in
1331 1341 1498 1399 Europa
1518 1375 1530 1397 ,
1577 1354 1620 1388 et
1652 1346 1758 1388 circa
1795 1345 1868 1387 Pe·

598 1406 779 1462 tropolin
813 1406 1126 1463 frequentissime
1156 1408 1330 1450 crescens
1352 1438 1363 1458 ‚
1413 1409 1599 1463 pinnulas
1632 1410 1748 1453 habet
1803 1412 1867 1451 in·

599 1483 728 1525 tegras
749 1504 759 1524 ,
793 1483 863 1514 aut
894 1472 1041 1515 leuiter
1073 1483 1143 1514 aut
1176 1473 1409 1528 profundius
1457 1485 1630 1516 crematas
1652 1507 1663 1527 ‚
1714 1477 1868 1530 semper

600 1538 802 1580 lunulatas
824 1568 837 1589 ‚
869 1549 913 1580 et
944 1538 1116 1580 varietas
1150 1537 1266 1579 illius
1298 1539 1503 1581 inuenitur
1524 1571 1535 1591 ‚
1570 1542 1634 1581 vbi
1670 1541 1793 1582 caulis
1828 1542 1869 1580 in

598 1604 698 1645 duos
751 1615 885 1644 ramos
927 1603 1008 1644 abit
1029 1635 1045 1654 ,.
1091 1616 1271 1657 quorum
1305 1603 1472 1658 quilibet
1502 1604 1599 1646 folio
1632 1614 1671 1645 et
1707 1616 1869 1646 racemo

601 1666 766 1708 onustus
812 1668 878 1708 est.
979 1667 1122 1709 Innuit
1173 1667 1275 1709 hanc
1328 1669 1562 1710 varietatem
1597 1669 1868 1711 TOVRNE-

598 1731 846 1775 FORTIVS
868 1764 879 1785 ,
946 1733 1188 1787 vocauitque
1257 1735 1502 1775 osmundam
1554 1734 1659 1775 foliis
1722 1735 1868 1775 lunatis

600 1796 812 1837 ramosam.
911 1797 1020 1841 Haec
1052 1797 1288 1840 osmundae
1328 1800 1471 1854 species
1509 1801 1674 1852 proprie
1707 1800 1868 1841 Αυᾶο-

600 1872 695 1903 rum
731 1862 907 1905 Lunaria
940 1862 1002 1904 est.
1067 1861 1142 1905 Sed
1176 1862 1222 1904 ab
1252 1863 1388 1906 eadem
1421 1863 1619 1916 distinguo
1653 1866 1866 1921 sequentes.

873 1969 1173 2032 Osmunda
1240 1971 1606 2032 Lanceolata.

752 2071 929 2128 Scapum
961 2077 1078 2120 habet
1108 2077 1317 2121 caulinum
1354 2062 1579 2121 solitarium
1603 2111 1614 2132 ‚
1666 2088 1714 2122 vt
1745 2080 1867 2132 prior.

604 2136 796 2182 Radicem
828 2139 945 2185 habet
1001 2155 1100 2186 curn
1151 2141 1223 2187 illa
1274 2143 1435 2186 eandem
1459 2176 1471 2197 ‚
1522 2145 1659 2205 paucis
1678 2160 1690 2195 ,·
1727 2139 1866 2244 {¹³¹sp

1752 2215 1866 2245 reur-
