2008 2735
601 230 693 277 w6
888 222 987 265 DE
1056 223 1611 268 FORMATIONE

600 342 805 383 delentur,
840 346 885 380 vt
921 338 984 378 die
1020 338 1097 379 iam
1133 339 1292 380 circiter
1326 340 1436 380 sexto
1471 339 1543 379 vix
1580 336 1712 379 vllum
1747 341 1862 381 vesti*

600 408 717 458 gium
754 402 898 444 harum
934 415 1072 442 rerum
1109 402 1288 457 supersit.
1387 404 1506 446 Bulla
1542 405 1704 456 quidem
1754 407 1865 458 plane

600 469 868 519 exstinguitur
892 498 902 518 ‚
955 467 1014 508 sed
1067 469 1178 508 fouea
1212 469 1384 510 cardiaca
1405 501 1415 520 ‚
1468 469 1600 508 sutura
1637 479 1678 508 et
1712 467 1867 509 foueola

600 533 766 575 inferior
800 534 913 586 prius
946 532 1247 573 confunduntur
1283 534 1322 572 in
1355 545 1483 573 vnum
1537 531 1746 573 orificium
1801 545 1869 574 ro-

602 600 775 639 tundum
804 629 815 648 ,
851 599 891 638 in
927 608 1007 650 quo
1042 594 1143 636 nihil
1177 597 1225 638 de
1259 598 1382 637 foueis
1417 597 1496 637 illis
1530 608 1599 638 aut
1635 600 1771 639 sutura
1805 597 1869 637 di-

600 663 830 714 stinguitur.
928 660 1186 714 Tandemque
1235 661 1337 702 iilud
1379 660 1585 704 orificium
1618 663 1658 703 in
1693 660 1868 702 canalem

600 736 803 769 mutatur.
889 726 1124 778 Priusquam
1160 735 1295 766 autem
1333 724 1423 766 haec
1459 727 1700 777 contingunt
1722 756 1733 777 ‚
1770 738 1868 766 non-

600 791 736 832 nullae
767 790 867 833 aliae
904 791 1147 830 mutationes
1183 791 1467 842 intercedunt,
1516 803 1612 844 quas
1653 791 1867 832 secundum

601 858 788 898 ordinem
823 856 1062 910 pertractare
1096 865 1270 910 oportet.

389 962 507 1001 Bulla,
533 966 580 999 vti
752 954 784 1003 §.
827 965 927 991 111.
984 952 1041 993 Et
1073 951 1180 992 bulla
1211 952 1376 1006 quidem
1402 983 1413 1004 ‚
1465 965 1565 1006 quae
1601 951 1792 993 haetenus
1823 949 1871 991 ad

389 1013 495 1070 figura
523 1022 558 1048 et
605 1016 711 1056 diem
749 1015 826 1056 111.
860 1017 1086 1056 absolutum
1122 1028 1246 1068 vsque
1300 1027 1410 1068 parte
1464 1028 1548 1058 tota
1599 1017 1875 1058 infracardiaca

390 1063 564 1098 sstuanone
606 1078 775 1130 oblonga
809 1089 849 1118 et,
879 1080 1007 1118 creda
1040 1080 1115 1118 fuit
1137 1110 1147 1127 ‚
1183 1080 1327 1129 vagina
1362 1081 1504 1130 capitis
1538 1082 1615 1120 sola
1649 1081 1784 1119 versus
1820 1081 1879 1119 la-

390 1121 540 1198 ’Ξέῒῗξζπ
608 1152 672 1183 tus
704 1144 896 1184 dextrum
936 1141 1115 1191 inflexa3
1166 1153 1208 1180 ea
1246 1155 1348 1182 nunc
1400 1143 1462 1182 dic
1514 1153 1660 1196 quarto
1714 1144 1874 1182 ineunte

390 1215 535 1248 ineunte.
607 1217 676 1246 aut
714 1208 849 1246 medio
882 1207 1023 1258 incipit
1056 1205 1271 1244 inuoluero
1306 1206 1450 1242 caudae
1486 1205 1564 1242 sinc
1615 1208 1873 1245 extremitate

607 1270 790 1309 inferiori
839 1269 963 1309 simili
1014 1268 1136 1307 modo
1176 1276 1215 1307 et
1248 1267 1353 1306 xcrti
1389 1266 1644 1306 dextrorsum
1678 1277 1717 1306 et
1752 1267 1874 1307 simul

606 1334 781 1374 curuari.
847 1333 957 1374 Hanc
991 1331 1103 1372 enim
1140 1329 1235 1371 situs
1267 1331 1533 1372 mutationem
1568 1331 1741 1383 embryo
1776 1332 1877 1372 subit

604 1399 715 1438 intus
751 1408 965 1438 contentus
996 1392 1336 1450 inuolucrumque
1371 1397 1489 1436 suum
1524 1401 1653 1436 lecum
1715 1397 1871 1438 ducens.

606 1462 664 1503 Et
700 1461 819 1502 simul
852 1471 972 1517 caput
1004 1460 1236 1512 embryonis
1271 1473 1348 1501 vna
1384 1474 1477 1504 cum
1515 1461 1576 1501 sua
1612 1461 1755 1512 vagina
1786 1474 1873 1501 ma-

606 1528 666 1579 gis
700 1539 822 1581 quam
861 1528 941 1567 huc
976 1538 1100 1580 vsque
1136 1527 1283 1568 factum
1334 1526 1386 1566 est
1434 1536 1637 1566 curuatur.
1739 1524 1874 1568 Media

609 1603 708 1632 vero
743 1603 831 1646 pars
866 1604 885 1630 a
922 1591 1086 1642 regione
1118 1593 1293 1633 cardiaca
1327 1602 1454 1644 vsque
1486 1592 1531 1632 ad
1565 1591 1771 1644 regionem
1808 1602 1874 1631 os-

609 1655 656 1697 sis
691 1657 783 1696 sacri
821 1657 950 1698 erecta
986 1655 1218 1697 adhucdum
1257 1664 1424 1696 tenetur.

397 1772 441 1806 Et
467 1780 568 1818 porro
758 1753 790 1802 §.
834 1765 934 1792 112.
991 1751 1072 1794 Die
1125 1754 1286 1795 tandem
1328 1763 1472 1807 quarto
1503 1751 1753 1803 declinante,
1804 1761 1874 1793 aut

398 1820 450 1854 die
478 1824 535 1855 [V.
608 1818 754 1871 quinto
789 1816 950 1858 ineunte
986 1817 1077 1858 hacc
1113 1818 1250 1859 omnia
1287 1830 1494 1871 augentur.
1562 1819 1748 1868 Embryo
1778 1817 1875 1857 adco

396 1878 562 1909 vertente,
609 1882 871 1923 dextrorsum
927 1883 1134 1933 vertitur,
1187 1893 1233 1924 vt
1285 1884 1364 1924 scre
1400 1884 1558 1938 prorsus
1594 1884 1632 1922 in
1670 1881 1872 1923 sinistrum

611 1946 715 1987 latus
767 1947 989 1990 decumbat.
1063 1946 1115 1988 Et
1152 1949 1271 1989 cauda
1306 1958 1346 1988 ct
1377 1958 1497 2002 caput
1532 1948 1746 2000 valdopcre
1781 1958 1876 1986 cur-

612 2020 702 2050 vata
735 2011 836 2052 sunt.
901 2011 1039 2067 Ipsum
1076 2011 1240 2052 dorsum
1277 2023 1469 2052 curuatur
1502 2022 1543 2051 et
1579 2015 1877 2061 totnsembryo

612 2074 855 2115 conuolutns
887 2078 951 2118 cst.
1042 2076 1242 2117 Praeterea
1278 2077 1380 2118 bulla
1414 2077 1618 2128 angustior
1651 2076 1704 2116 cst
1736 2085 1775 2115 et
1808 2087 1874 2113 ar-

611 2139 715 2180 (tius
747 2140 1013 2193 embryoncm
1047 2141 1370 2196 complectitur,
1417 2142 1585 2196 indeque
1639 2141 1720 2180 eius
1769 2135 1872 2185 sigu-

1783 2209 1872 2239 ram
