2008 2735
300 1717 460 1755 Tab.111.

323 1771 395 1814 Fig.
428 1781 457 1803 1.

483 192 585 238 196.
685 185 768 229 DE
805 186 978 231 Novo
1008 186 1530 235 MICROSCOPIORVM

477 302 602 342 etiam
641 301 947 355 repraesentatio
978 315 1002 343 a
1034 305 1146 355 vagis
1180 303 1262 345 illis
1296 302 1494 347 coloribus
1530 305 1639 347 iridis
1685 307 1741 348 li-

479 365 667 418 beretur3
704 377 793 407 tum
830 379 928 408 vero
961 368 1086 408 etiam
1120 369 1286 420 ostendi,
1322 371 1531 423 quomodo
1560 371 1747 426 pluribus

479 431 654 473 lentibus
687 431 915 471 ocularibus
946 431 1173 475 adhibendis
1206 446 1374 488 campus
1408 435 1571 477 villonis
1621 439 1750 489 magis

483 496 727 550 amplificari
758 494 895 551 posset.

635 603 671 631 2.
709 591 784 632 His
818 599 959 632 autem
990 592 1190 646 expeditis
1225 597 1267 635 in
1303 603 1483 634 mentem
1517 595 1620 636 mihi
1673 608 1751 638 ve-

480 656 540 696 nit
576 654 696 708 longe
735 655 812 696 alia
849 657 1219 711 microscopioruin
1252 659 1577 712 compositorum
1613 663 1716 701 ratio
1737 693 1753 712 ‚.

479 718 624 760 similis
661 719 762 772 illi,
813 732 890 773 qua
926 720 1047 762 hodie
1085 722 1294 777 telescopia
1334 734 1354 770 5
1397 734 1437 762 et
1471 725 1536 764 sex
1577 725 1746 765 lentibus

480 784 671 826 instructa
706 785 746 824 in
785 785 935 836 Anglia
968 785 1111 828 confici
1146 787 1289 827 solent.
1370 785 1483 827 Cum
1515 789 1628 827 enim
1672 789 1751 829 ho·

477 860 574 889 rum
611 849 926 903 telescopiorum
960 848 1165 891 charaiter
1200 853 1245 893 in
1277 848 1356 890 hoc
1390 850 1572 892 consistat
1594 882 1604 902 ‚
1645 854 1753 904 quod

478 914 521 953 in
559 915 606 954 iis
648 927 727 955 vna
780 913 864 954 lens
914 928 1014 955 cum
1067 917 1243 957 minima
1295 926 1485 969 apertura
1532 927 1755 968 occurrat,

478 989 556 1031 qua
583 1009 594 1028 ,
628 977 709 1017 fine
744 977 828 1017 vlla
862 978 1138 1019 diminutione
1174 981 1238 1021 vel
1271 979 1464 1021 claritatis
1500 982 1566 1022 vel
1619 983 1757 1035 campi

477 1041 721 1094 conspicui,
769 1041 867 1081 radii
922 1044 1125 1094 peregrini
1160 1044 1381 1085 feliciffime
1413 1054 1600 1084 arcentur
1635 1056 1676 1085 et
1710 1047 1754 1087 ab

480 1104 602 1147 oculo
636 1103 943 1155 excluduntur,
998 1105 1176 1146 similem
1221 1106 1466 1147 struc‘turam
1501 1107 1548 1145 ad
1603 1109 1759 1149 micro*

481 1170 613 1224 scopia
646 1171 951 1211 accommodare
989 1172 1141 1210 tentaui
1166 1203 1176 1221 ‚
1231 1171 1334 1212 vnde
1369 1183 1416 1211 eo
1453 1171 1606 1210 maiora
1638 1177 1754 1213 com-

482 1233 602 1275 moda
633 1235 843 1287 expectare
878 1233 970 1274 licet
997 1266 1008 1286 ‚
1041 1236 1147 1288 quod
1184 1234 1228 1274 in
1262 1234 1427 1286 vulgari
1464 1236 1756 1290 microscopio-

480 1310 579 1339 rum
612 1297 909 1352 compositione
942 1299 1250 1353 repraesentatio
1281 1299 1532 1341 obieetorum
1562 1312 1640 1340 non
1668 1313 1761 1340 me·—

481 1362 673 1404 diocriter
706 1376 726 1403 a
763 1364 882 1405 radiis
918 1365 1139 1418 peregrinis
1175 1365 1433 1415 inquinetur,
1467 1368 1538 1417 qui
1577 1366 1759 1416 non‚vti

481 1428 526 1468 in
558 1427 907 1482 telescopiisfieri
961 1426 1090 1477 solet,
1144 1438 1221 1481 ope
1273 1427 1633 1481 diaphragmatuni
1687 1431 1758 1469 scut

484 1493 694 1545 septorum
748 1494 944 1534 foramine
999 1492 1156 1544 exiguo,
1186 1493 1443 1546 pertuiorum
1479 1491 1625 1546 depelli
1663 1506 1758 1546 pos-

487 1557 579 1596 sunt
602 1587 613 1607 ,
669 1569 765 1597 cum
817 1556 897 1597 hoc
928 1559 1057 1598 modo.
1084 1569 1251 1612 campus
1288 1556 1450 1599 visionis
1486 1558 1608 1597 nimis
1641 1570 1759 1598 coar-

490 1620 685 1662 staretur,

643 1728 682 1764 3.
720 1715 972 1757 Huiusmodi
1001 1717 1245 1758 constriit‘iio
1276 1719 1453 1772 quinque
1489 1718 1659 1759 lentibus
1679 1733 1755 1760 ex⁴

492 1779 618 1832 pediti
663 1779 786 1834 posset
808 1813 818 1832 ,
872 1782 931 1822 sed
966 1782 1058 1836 quia
1094 1795 1261 1834 campus
1298 1783 1460 1824 visionis
1493 1785 1629 1824 minor
1661 1785 1753 1825 ess'et

492 1845 758 1896 proditurus,
790 1857 913 1899 quam
949 1848 990 1886 in
1026 1846 1293 1899 vulgaribus,
1345 1861 1466 1888 vnam
1506 1848 1653 1888 lentem
1692 1850 1757 1888 iii-

489 1907 607 1959 super
642 1910 826 1950 adiiciam
852 1942 867 1961 „
895 1921 942 1951 vt
975 1924 1142 1965 campus
1175 1925 1224 1952 eo
1259 1913 1390 1955 maior
1424 1914 1619 1953 reddatur.
1670 1914 1760 1954 Ob-

491 1972 596 2011 iccio
631 1973 764 2024 igitur·
793 1985 883 2015 ante
919 1978 1052 2017 sticum
1089 1976 1303 2017 lenticulae
1344 1978 1564 2020 obiee‘tiuae
1613 1964 1759 2019 eonsti-

493 2044 586 2077 tuto
605 2066 621 2086 ,,
652 2048 696 2078 vt
730 2041 817 2079 eius
854 2040 999 2094 imago
1028 2054 1130 2094 pone
1166 2054 1252 2082 eam
1289 2042 1335 2081 ad
1367 2044 1501 2083 datam
1528 2043 1757 2084 distantiam

495 2100 605 2142 cadat
629 2132 645 2153 ‚,
690 2103 735 2143 in
784 2103 866 2145 hoc·
911 2106 1005 2162 ipso,
1049 2105 1145 2148 loco*
1191 2107 1386 2159 imaginis
1415 2106 1578 2149 collocov
1604 2105 1760 2145 lentem

1622 2169 1760 2210 secun-
