2008 2735
420 181 617 228 MEDIA
664 178 1211 229 MATRIMONIORVM.
1355 193 1373 223 t
1387 194 1407 223 2
1419 192 1441 232 ς

175 302 269 357 quia
290 301 436 342 scilicet
454 300 501 341 de
525 311 610 349 500
631 297 941 342 adolescentibus
967 310 1020 337 20
1042 310 1262 349 annorum,
1282 311 1360 339 non
1382 300 1445 339 ni-

176 368 206 409 fi
232 380 318 415 372
342 377 511 408 aetatem
534 377 592 415 40
613 376 812 404 annorum
833 364 1043 415 attingent.
1098 362 1162 403 Sic
1187 375 1328 418 quarta
1358 376 1448 418 pars

179 432 393 483 virginum
422 429 484 472 vel
513 430 751 470 caelibatum
779 427 934 468 struite
961 427 1027 469 vel
1059 429 1193 469 viduis
1215 430 1361 470 nubere
1379 443 1448 469 co-

177 498 305 549 gitur.
372 496 475 537 Hinc
503 495 629 543 ratio,
664 494 772 549 quod
795 491 930 533 multo
949 492 1083 546 plures
1102 494 1215 534 vidui
1235 507 1362 549 quam
1382 496 1450 535 vi-

173 564 276 604 duae
311 562 468 602 iteratas
502 560 664 614 nuptias
698 561 848 608 ineant,
864 557 1020 598 etiamsi
1043 570 1238 599 numerus
1258 559 1450 614 priorum

178 625 299 678 longe
333 626 470 666 minor
504 624 553 665 s1t
586 636 761 665 numero
796 623 1078 676 posteriorum.

329 688 370 744 d)
405 689 602 730 Dicamus
638 700 746 729 nunc
780 699 943 742 quoque
975 688 1023 728 de
1059 686 1234 742 personis
1276 690 1452 732 viduatis

176 755 391 810 Vtriusque
411 756 549 795 sexus:
586 754 690 794 inter
711 753 780 794 has
801 754 1015 794 referimus
1033 764 1174 795 omnes
1203 755 1291 796 illas
1306 786 1317 805 ‚
1349 768 1452 808 quae

179 820 301 860 semel
324 819 566 860 viduitatem
587 817 709 873 passae
728 820 840 869 sunt,
874 817 957 858 (ωε
977 816 1090 859 illam
1115 821 1273 861 seruent
1300 820 1382 860 siue
1401 820 1450 862 ad

178 885 362 925 fecundas
383 885 542 938 nuptias
564 893 782 925 recurrant.
826 883 1018 924 Vidimus
1037 892 1176 925 autem
1195 887 1226 935 ξ.
1255 899 1323 935 14.
1344 885 1453 939 quod

179 961 257 1003 pro
287 959 374 997 500
404 949 680 989 matrimoniis
705 948 847 988 annuis
877 947 1003 1002 primi
1029 949 1188 999 generis
1215 951 1264 990 fit
1292 952 1451 990 summa

177 1014 372 1055 omnium
394 1012 674 1065 personarum,
693 1022 741 1051 eo
759 1022 883 1065 quem
902 1011 1085 1051 diximus
1107 1014 1245 1063 modo,
1266 1016 1453 1055 viduata-

179 1088 276 1116 rum
296 1090 328 1117 z
344 1087 427 1125 103
440 1086 494 1123 50
510 1107 521 1127 ‚
538 1075 620 1116 fiue
645 1087 666 1126 5
680 1086 764 1125 175
788 1076 1013 1117 viduorum
1034 1075 1286 1132 totidemque
1307 1078 1451 1119 γίἀιιιις

176 1152 294 1182 rum:
313 1150 352 1181 at
372 1141 492 1193 longe
512 1140 629 1183 aliter
648 1153 708 1182 res
727 1143 762 1182 se
783 1139 899 1182 habet
918 1141 946 1181 fi
962 1142 1010 1182 de
1021 1142 1297 1183 matrimoniis
1315 1144 1455 1184 sccun-

175 1206 219 1246 di
245 1207 400 1257 generis
427 1206 560 1248 sermo
587 1207 663 1249 fit:
699 1206 868 1247 Etenim
896 1207 1055 1247 summa
1081 1207 1305 1249 viduorum
1334 1207 1455 1260 longe

181 1279 278 1310 tunc
298 1272 434 1312 minor
454 1272 501 1312 fit
520 1284 644 1326 quam
671 1273 831 1312 summa
858 1271 1103 1320 viduarum,
1130 1273 1455 1325 quandoquidem

180 1335 316 1376 tabula
336 1336 464 1376 nostra
482 1337 510 1384 §.
530 1348 543 1372 1
558 1346 770 1384 7.tantum
795 1349 816 1376 2
829 1349 847 1375 1
862 1345 919 1386 54
936 1336 1082 1377 viduos
1103 1335 1270 1387 indicat;
1289 1330 1457 1378 atsum·

182 1411 252 1439 ma
279 1399 469 1439 omnium
494 1410 767 1440 numerorum
795 1400 1011 1441 columnae
1036 1400 1269 1454 quintaeest
1286 1413 1453 1454 :7949

179 1463 330 1516 isteque
356 1464 577 1504 viduarum
605 1474 802 1503 numerus
821 1465 1050 1504 etiamnum
1069 1467 1272 1517 augendus
1292 1469 1370 1519 est,
1402 1466 1454 1508 ob

178 1527 323 1567 viduas
356 1528 582 1581 superstites
616 1528 701 1580 post
721 1528 846 1568 finem
866 1528 1080 1568 columnae
1101 1559 1115 1580 ,
1145 1542 1321 1573 numero
1346 1540 1456 1582 197,

176 1602 262 1645 quo
292 1590 396 1632 facto
430 1591 478 1631 fit
512 1602 710 1631 numerus
739 1592 932 1633 omnium
966 1593 1192 1633 viduarum
1237 1599 1452 1646 :81463

175 1654 239 1697 Ita
291 1655 458 1710 quidem
514 1656 731 1710 vtrobique
779 1655 940 1696 summa
1004 1657 1195 1698 omnium
1266 1661 1454 1713 persona-

173 1732 273 1761 rum
325 1719 590 1761 viduatarum
645 1720 949 1776 propemodum
1001 1720 1141 1762 eadem
1191 1723 1244 1764 est
1264 1737 1278 1774 ς
1344 1733 1385 1765 at
1420 1723 1453 1765 fi

176 1785 319 1826 viduas
371 1797 470 1828 cum
522 1785 624 1827 viris
659 1786 794 1827 viduis
828 1796 1117 1838 comparemus
1145 1817 1155 1837 ‚
1188 1789 1377 1829 videmus
1408 1787 1451 1828 in

176 1847 305 1889 altero
338 1851 424 1892 casu
452 1861 678 1890 numerum
707 1851 926 1891 viduarum
957 1849 1035 1892 fere
1063 1850 1138 1890 effe
1168 1852 1450 1906 quadruplum

176 1915 340 1954 numeri
364 1916 587 1957 viduorum
607 1946 620 1966 ,
647 1927 745 1956 curn
767 1915 806 1955 in
828 1915 966 1969 primo
985 1918 1071 1955 casu
1093 1914 1170 1954 sint
1189 1916 1295 1957 inter
1323 1918 1358 1958 se
1384 1930 1452 1959 ae-

175 1976 326 2031 quales.
394 1975 484 2021 Hoc
510 1981 639 2033 igitur
666 1981 790 2022 modo
816 1979 858 2019 in
886 1979 1077 2030 ciuitate,
1103 1979 1170 2020 vbi
1194 1991 1282 2029 500
1303 1983 1451 2024 matri·

177 2042 319 2083 monia
347 2043 494 2096 prioris
526 2045 682 2098 generis
714 2044 926 2086 annuatim
961 2044 1254 2087 celebrarentur
1275 2080 1287 2098 ,
1317 2049 1452 2090 forent

182 2119 202 2146 1
217 2119 233 2144 1
247 2117 334 2156 917
358 2108 517 2160 mariti,
536 2110 706 2152 totidem
725 2121 873 2151 vxores
889 2141 900 2161 ,
921 2119 941 2158 ς
956 2118 1038 2159 175
1064 2108 1177 2151 vidui
1200 2113 1451 2168 totidemque

177 2172 322 2213 viduae
346 2174 620 2231 omniumque
640 2175 801 2217 summa
823 2180 1004 2228 341845
1026 2187 1174 2218 verum
1194 2176 1224 2220 si
1247 2189 1336 2229 500
1361 2190 1452 2218 ma·

759 2238 810 2297 Q
834 2251 860 2290 3
1302 2244 1454 2285 trimo·
