2008 2735
356 167 488 213 SIVE
540 164 783 210 ACHATE
837 165 1170 208 ISLANDICO.
1313 170 1400 216 361

131 283 411 336 gantiffimum
445 280 689 332 largiebatur
724 279 881 321 vitrum
919 277 1068 319 coloris
1109 279 1240 320 bruni.
1326 279 1406 320 La-

130 351 231 402 pidis
278 349 396 389 nostri
431 344 621 387 drachma
647 342 680 399 j.
715 358 810 385 cuin
848 350 978 399 icrup.
1008 340 1037 398 j.
1075 345 1224 385 borneis
1257 344 1408 395 coc‘tae,

133 417 288 454 vitrum
324 413 522 466 eleganter
554 410 688 451 fusum
714 443 724 461 ‚
773 411 1025 466 diaplianum
1050 441 1061 462 ,
1110 411 1278 464 nigrum
1304 441 1314 461 ,
1364 411 1404 449 in

128 479 339 534 superficie
372 476 562 518 rarescens
592 475 754 517 obtulit.

278 557 388 600 Cum
426 556 509 611 sale
561 568 747 598 commune
787 561 825 597 et
858 556 960 596 nitro
994 555 1152 596 fortiter
1189 554 1408 595 calcinatus

128 621 229 675 lapis
252 653 263 673 ,
297 634 425 677 neque
460 622 557 663 haec
589 620 681 662 salia
702 652 714 673 ,
761 633 890 676 neque
924 620 1037 661 suam
1072 630 1303 661 mutauerat
1340 622 1407 662 in-

126 687 274 729 dolem.

263 764 294 814 §.
322 774 364 813 7.
390 764 456 805 Ex
475 762 537 803 his
554 763 774 806 fufionibus
792 763 965 805 omnino
981 774 1144 818 apparet
1167 774 1298 818 partes
1317 776 1405 805 me-

131 828 282 870 tallicas
317 841 458 882 casque
497 828 698 868 marti-ales
735 829 858 882 lapidi
895 828 1028 869 nostro
1060 828 1176 869 inesse
1201 858 1212 878 ,
1253 832 1405 883 quippe

127 893 210 934 fine
244 894 385 948 quibus
422 892 530 934 nulla
564 892 640 933 hoc
678 895 802 934 modo
838 893 963 931 tinc‘ta
997 894 1105 933 vitra
1155 895 1259 934 oriri
1310 906 1408 946 pos-

126 959 219 999 sent.
309 956 507 998 Constitui
540 958 670 1006 igitur
704 957 801 995 alias
834 954 966 994 adhuc
1000 955 1170 997 fusiones
1205 957 1246 995 in
1282 956 1409 998 subsi-

124 1022 235 1061 dium
292 1033 446 1060 vocare.
550 1019 646 1061 Non
699 1018 884 1072 prolixus
918 1031 989 1059 ero
1024 1020 1067 1059 in
1121 1021 1406 1062 enumerandis

122 1083 314 1124 omnibus
344 1095 386 1125 et
421 1083 586 1136 singulis
615 1096 714 1124 cum
751 1085 793 1124 in
828 1083 955 1124 finem
992 1084 1184 1126 institutis
1236 1088 1406 1140 experi-

123 1150 304 1199 menti53
356 1150 527 1190 sufficiet
577 1148 717 1191 dixiss‘e
759 1161 826 1190 me
859 1161 1001 1190 onmes
1034 1160 1076 1191 et
1109 1149 1288 1203 singulos
1322 1150 1406 1192 huc

124 1214 369 1265 pertinentes
403 1214 555 1253 labores
589 1214 895 1265 docimasticos,
948 1225 1152 1267 quantum
1194 1227 1266 1269 per
1314 1217 1407 1257 exi·

123 1287 251 1328 guam
287 1274 407 1317 huius
439 1277 583 1330 lapidis
624 1279 894 1332 quantitatem
946 1278 1065 1320 licuit
1088 1311 1100 1331 ,
1148 1279 1369 1321 adhibuisse
1391 1310 1406 1332 ,

122 1341 184 1381 scd
238 1352 364 1393 neque
418 1343 574 1382 ferrum
627 1354 752 1396 neque
799 1342 910 1384 aliud
942 1343 1161 1384 metallum
1193 1344 1234 1384 in
1271 1347 1405 1386 forma

125 1403 329 1446 metallica
367 1406 533 1447 uastum
568 1405 643 1447 esse
667 1438 678 1459 ‚
729 1419 781 1448 ex
816 1420 899 1462 quo
933 1420 1099 1462 apparet
1134 1418 1265 1462 partes
1314 1422 1406 1450 me-

125 1468 277 1509 tallicas
327 1469 524 1521 fingentes
578 1484 661 1511 non
711 1471 783 1512 nisi
836 1473 879 1513 in
922 1472 1146 1525 parcissima
1176 1474 1405 1526 quantitate

124 1535 338 1575 immixtas
390 1535 496 1589 esse,
549 1536 586 1576 id
638 1536 747 1590 quod
796 1549 845 1578 eo
898 1536 1036 1576 minus
1077 1539 1237 1578 mirum
1270 1538 1403 1580 videri

123 1601 314 1653 cuiquam
349 1600 462 1641 debet
483 1632 495 1652 ‚
528 1601 598 1654 qui
634 1601 750 1641 nouit
771 1631 784 1652 ,
834 1611 959 1656 quam
1000 1599 1144 1654 exigua
1200 1603 1404 1657 quantitas

123 1665 230 1705 croci
280 1666 348 1706 vcl
398 1665 514 1708 calcis
554 1664 811 1719 metallicae,
866 1676 1061 1720 magnam
1097 1666 1199 1710 vitri
1231 1666 1405 1712 maffim

123 1728 324 1771 fundendo
358 1732 514 1784 tingere
549 1741 678 1787 queat.

279 1817 310 1865 §.
351 1820 386 1859 8.
422 1817 534 1860 Cum
569 1817 659 1859 aliis
690 1817 927 1873 corporibus
960 1830 1032 1872 per
1068 1818 1269 1860 fusionem
1303 1813 1404 1858 vni-

126 1887 190 1921 tus
221 1878 287 1920 hic
322 1880 423 1937 lapis
443 1916 455 1937 ‚
490 1885 602 1925 varia
638 1885 833 1926 monstrat
864 1883 1155 1937 phaenomena.

280 1959 392 2002 Cum
445 1976 515 2004 ana
567 1977 708 2005 arenae
756 1967 995 2018 magneticae
1029 1976 1080 2004 ex
1112 1962 1241 2005 fabulo
1276 1959 1404 2003 maris

126 2020 301 2066 Balthici
338 2039 409 2081 per
443 2041 675 2082 magnetem
711 2030 913 2071 extractae
936 2061 947 2080 ‚
994 2031 1161 2070 scoriam
1196 2029 1293 2070 bene
1336 2030 1405 2069 fu·

125 2092 209 2135 sam
252 2103 302 2131 ex
355 2103 466 2145 parte
523 2107 670 2148 parum
723 2105 885 2138 tantum
935 2095 1187 2150 spongiosam
1236 2096 1402 2147 nigram

191 2157 231 2198 T
233 2157 553 2202 om-XII.Nou.
566 2158 736 2203 Comm.
927 2157 968 2204 Ζ
988 2173 1014 2205 z
1281 2169 1403 2218 praet
