2008 2735
589 235 678 276 ⁵³2
780 217 863 263 DE
895 216 1332 264 PROPRlETATlB.
1370 214 1660 259 PLANTAR.

588 347 729 393 patum
765 336 856 376 fuit.
942 334 1076 376 Maior
1112 342 1250 374 autem
1286 345 1325 373 et
1361 332 1402 373 in
1440 330 1516 372 hoc
1551 331 1693 370 ordine
1726 328 1854 370 obser-

587 399 809 443 vationibus
861 398 970 439 locus
1022 400 1171 450 datur,
1220 410 1318 452 quae
1377 396 1623 439 euidentior-a
1658 394 1851 445 reddant,

590 464 763 507 obscura.

743 528 886 571 Filicer
936 536 1080 581 quarto
1131 525 1295 577 adfero,
1338 525 1621 566 certitudinem
1659 523 1855 576 insignem

592 593 811 636 offerentes.
882 593 964 633 Hae
997 592 1084 631 sunt
1119 602 1139 629 e
1173 590 1499 644 crypt-anthemis
1533 588 1622 629 illae
1676 589 1829 642 plantae
1853 616 1864 637 ,

594 671 694 713 quae
734 657 988 712 perfodiit->res
1024 665 1062 695 et
1116 653 1255 694 fabrica
1311 655 1439 707 magis
1491 653 1666 694 abioluta
1718 652 1865 706 plantis

596 721 932 778 phaenanthemis
985 719 1155 773 propius
1213 718 1437 769 accedunt,
1487 718 1671 758 euidente
1721 716 1867 757 scilicet

597 789 724 828 radice
765 787 1038 838 distinetisque
1087 782 1192 824 foliis
1243 783 1469 836 gaudentes.
1568 781 1728 836 Haeque
1779 780 1868 820 illae

597 854 720 904 sunt,
756 863 854 906 quae
887 849 1180 905 proprietatem
1217 848 1475 888 roborantem
1501 877 1512 898 ‚
1567 854 1682 899 atque
1714 856 1764 884 ex
1800 842 1871 884 lfoc

599 917 711 957 fonte
744 913 1008 957 diuerfimode
1043 910 1241 966 proficuas
1277 911 1370 954 alias
1421 925 1443 952 a
1496 917 1635 950 natura
1691 911 1876 950 obtinue-

601 990 710 1022 runt.
794 980 878 1021 Hae
912 977 1004 1019 illae
1038 977 1128 1016 sunt
1149 1009 1160 1026 ‚
1217 987 1316 1029 quae
1350 974 1486 1016 omnis
1520 974 1664 1014 noxiae
1696 982 1877 1027 expertes

601 1044 706 1083 dotis
729 1072 740 1091 ,
794 1044 836 1082 in
887 1041 1072 1082 omnibus
1123 1039 1206 1080 illis
1240 1040 1389 1079 morbis
1412 1071 1422 1089 ‚
1477 1039 1543 1078 vbi
1579 1038 1842 1090 aperiendum
1867 1066 1877 1085 ‚

608 1105 862 1147 incidendum
886 1135 897 1155 ‚
950 1102 1130 1154 vasisque
1166 1102 1344 1142 reseratis
1378 1110 1498 1140 tonus
1531 1102 1761 1140 excitandus
1793 1100 1847 1138 cst
1871 1129 1881 1148 ‚

611 1180 696 1210 tam
733 1167 976 1220 singularem
1012 1165 1204 1205 hactenus
1238 1165 1517 1216 praestiterunt
1558 1167 1691 1203 vium.
1777 1163 1879 1218 Quis

612 1234 772 1282 ignorat
812 1230 974 1270 Adianti
998 1255 1011 1276 ,
1059 1227 1168 1278 quod
1204 1224 1388 1280 Capillum
1446 1226 1598 1262 venere]-
1649 1225 1847 1276 adpellant
1874 1256 1884 1276 ,

611 1296 702 1349 quis
737 1292 917 1346 Asplenii
940 1322 950 1342 ,
984 1287 1178 1330 Ceteraeh
1199 1319 1209 1338 ,
1257 1286 1527 1330 Tria-homones
1547 1317 1558 1336 ‚
1591 1285 1720 1328 Ruzae
1754 1300 1884 1329 mura-

613 1360 718 1408 riae,
753 1354 1038 1412 scolopendriae
1072 1354 1273 1394 virtutem
1296 1347 1499 1392 tonicam?
1531 1350 1632 1406 Quis
1653 1353 1769 1393 nesczt
1790 1364 1886 1405 pro-

616 1423 708 1462 inde
739 1422 960 1463 efficaciam
998 1416 1170 1458 illorum
1207 1418 1248 1457 in
1286 1417 1435 1458 morbis
1467 1415 1621 1468 frigidis
1655 1417 1852 1470 lentisque
1873 1447 1884 1466 ‚

615 1486 906 1536 oedcmatosss‚
959 1482 1227 1535 hydropicis,
1277 1479 1509 1531 cachexiis,
1561 1479 1741 1533 natisque
1797 1481 1886 1520 inde

616 1549 980 1604 hypochondriacis
1001 1578 1012 1599 ,
1080 1541 1407 1600 hystericisqueZ
1471 1544 1572 1600 Quis
1634 1545 1885 1585 medicorum

620 1613 892 1668 prafficornm
947 1613 1032 1661 est,
1085 1610 1158 1663 qui
1200 1623 1279 1651 non
1316 1610 1461 1651 iisdem
1496 1607 1693 1648 viscerum
1726 1608 1888 1650 soluerit

620 1672 935 1731 obstipationes?
969 1674 1055 1730 Qui
1082 1687 1159 1727 que
1194 1687 1273 1714 non
1309 1673 1494 1716 blandam
1527 1683 1670 1712 eorum
1707 1673 1884 1714 indolem

624 1741 750 1782 lactus
785 1741 945 1782 secunde
981 1735 1306 1794 praedicanerit?
1356 1736 1430 1779 Sed
1466 1745 1620 1777 tantum
1653 1737 1751 1778 abest
1774 1768 1785 1786 ‚
1843 1745 1889 1776 vt

628 1819 729 1847 mox
763 1804 972 1847 reccnfitae
1004 1816 1026 1843 e
1058 1802 1231 1844 filicibus
1269 1802 1427 1856 plantae
1460 1801 1557 1842 solae
1593 1800 1696 1850 sint,
1731 1812 1890 1842 memo-

627 1871 723 1910 ratis
757 1870 889 1912 vsibus
922 1869 1123 1922 adaptatae
1146 1897 1158 1918 ‚
1209 1877 1256 1908 vt
1291 1869 1425 1920 potius
1456 1876 1505 1905 ex
1540 1865 1622 1906 illis
1652 1877 1730 1906 non
1765 1877 1889 1906 vnam

627 1935 797 1987 speciem
849 1934 1112 1984 eximerem,
1162 1933 1228 1972 cui
1281 1943 1360 1972 non
1406 1939 1651 1983 competeret
1692 1928 1894 1984 expositae

631 1999 829 2040 efficaciae
877 1993 1064 2051 aliquid?
1113 1994 1316 2049 Quamuis
1350 1995 1458 2036 enim
1495 2006 1564 2048 per
1597 2006 1738 2035 omnes
1771 2002 1895 2047 expe-

632 2062 806 2102 rimenta
826 2062 924 2101 first-„1
959 2073 1039 2102 non
1074 2058 1173 2106 sint,
1205 2061 1317 2114 sapor
1353 2068 1486 2099 tamen
1521 2059 1713 2100 omnium
1748 2068 1790 2098 et
1822 2067 1890 2108 pe·

634 2124 762 2167 ricula
796 2124 983 2178 chymica
1016 2135 1103 2166 rem
1138 2124 1225 2166 satis
1258 2124 1463 2167 euincunt.
1539 2123 1750 2181 Quotquot
1781 2120 1890 2157 cnim

1778 2179 1890 2221 inda-
