2008 2735
433 134 501 178 ΙΝ
544 130 704 173 ARTE
744 131 1046 176 coNOECTA
1056 133 1178 176 Nm.
1375 149 1433 185 93

172 247 305 289 oritur
324 251 508 305 aequatio
526 245 730 296 integralis
748 246 1104 298 log.x-1og.n:2
1120 248 1283 300 log.r—2
1297 247 1436 299 log.2n

1250 315 1270 332 x
1358 315 1373 331 1
1387 313 1404 329 Γ

172 322 239 362 vel
275 317 385 375 logff‘
363 342 384 375 n<
406 318 586 365 :210g
600 333 648 370 Τ,
679 329 750 359 aut
771 349 782 368 ‚
817 318 964 359 sumtis
999 319 1180 358 numeris
1202 352 1212 371 ,
1248 343 1277 372 n-
1292 334 1404 374 ;ΠΙ
1426 356 1437 376 ,

168 388 234 427 vel
269 388 436 442 denique
470 378 647 439 ,ιῑῑξ-ης
683 384 790 439 quod
824 383 1183 425 demonstrandum
1221 384 1382 440 suscepi.

315 503 346 551 §.
383 511 426 549 7.
463 499 520 540 Vt
557 512 657 541 vero
689 498 780 540 vsus
813 496 936 537 huius
973 496 1156 539 methodi
1194 500 1324 552 magis
1361 514 1433 555 pa-

167 565 316 615 rescat,
354 563 478 604 aliam
514 565 756 618 problemati
793 563 926 604 nostro
960 562 1198 603 adiiciemus
1231 566 1434 605 conditio-

163 641 255 670 nem
303 639 342 669 et
389 627 554 683 quidem
612 628 769 678 talem,
812 639 935 682 quam
967 628 1103 667 rursus
1137 640 1431 680 argumentum

158 695 350 749 proxima
383 697 469 735 vice
500 693 826 748 pertractandum
864 690 972 732 mihi
1006 692 1336 734 subministrauit.

313 800 515 840 Pouarnus
548 813 696 854 nempe
719 832 730 849 ‚
785 794 988 840 schedulas
1022 799 1062 837 in
1098 811 1196 839 vrua
1237 801 1430 853 repositas

159 856 410 904 dimidiatim
446 864 487 903 in
522 865 618 905 duas
653 863 783 904 classes
835 863 909 902 esse
963 862 1140 913 diuisas,
1200 863 1332 904 veluti
1386 866 1430 905 in

157 927 293 979 nigras
348 936 388 967 et
436 927 539 967 albas
563 961 575 979 ‚
627 929 681 968 ita
733 937 781 968 vt
810 936 901 966 ante
934 926 1228 966 extructionem
1262 933 1430 981 quaeuis

156 991 271 1042 nigra
304 991 415 1030 suam
451 990 590 1030 habeat
622 990 767 1030 sociam
819 990 948 1029 albam
972 1016 985 1038 ,-
1033 988 1159 1028 simili
1212 1000 1305 1030 nota
1356 1001 1428 1032 aut

151 1065 325 1092 numero
376 1052 584 1104 signatam.
684 1053 746 1094 Ita
797 1053 934 1093 rursus
968 1053 1047 1092 erit
1081 1061 1276 1093 numerus
1320 1055 1428 1095 inte·

148 1125 222 1168 ger
253 1116 417 1170 parium
454 1130 538 1156 :n
572 1118 846 1170 omniumque
879 1116 1163 1158 schedularum
1200 1129 1327 1159 :zn
1380 1119 1423 1161 iu

148 1181 282 1232 nigras
312 1191 353 1221 et
386 1181 488 1221 albas
525 1191 651 1237 aeque
683 1183 970 1235 bipartitat‘um
993 1192 1005 1222 ε·
1037 1191 1185 1223 verum
1216 1181 1423 1235 fingamus

149 1242 333 1296 iusuper,
364 1240 565 1286 schedulas
599 1240 838 1286 alterutrius
876 1241 1000 1286 claffis
1052 1247 1098 1288 ad
1149 1247 1313 1287 exitum
1346 1249 1423 1288 efle

150 1309 359 1361 proniores
389 1310 607 1350 secundum
642 1312 776 1351 datam
811 1309 945 1362 legem·
977 1310 1306 1365 qualemcunque
1340 1311 1424 1352 siue

151 1372 392 1411 constantem
413 1372 493 1411 siue
513 1371 754 1422 variabilen,
794 1375 846 1414 fic
867 1385 912 1416 vt
932 1376 1067 1427 nigrae
1098 1384 1140 1415 et
1174 1374 1281 1415 albae
1311 1377 1423 1417 inae·

148 1434 258 1487 quali
297 1447 472 1476 numero
505 1448 556 1476 ex
592 1448 691 1476 vrua
723 1437 1002 1477 extrahantur.
1029 1474 1031 1476 .
1070 1439 1269 1479 ponamus
1300 1442 1422 1481 adeo-

146 1509 224 1551 que
260 1511 483 1539 numerum
510 1500 794 1541 schedularum
817 1501 1028 1553 nigrarum
1049 1501 1090 1541 in
1110 1514 1212 1542 vrna
1231 1502 1420 1555 supersti-

144 1570 237 1601 tum
272 1574 358 1602 τῖε
390 1573 430 1602 et
465 1562 648 1604 albarum
681 1573 783 1612 :33
826 1567 1035 1618 quaeritur
1089 1577 1193 1605 nunc
1234 1567 1385 1607 iterum
1407 1598 1419 1618 ,

144 1636 343 1680 quomam
379 1627 489 1681 paria
524 1640 553 1668 x
588 1628 693 1668 inter
727 1640 866 1668 omnes
901 1628 988 1668 istas
1030 1625 1230 1669 schedulas
1252 1659 1262 1679 ,
1314 1629 1420 1670 albas

140 1701 182 1732 et
216 1692 349 1744 nigras
369 1723 382 1744 ‚
419 1689 496 1732 sint
528 1689 786 1746 probabiliter
818 1693 859 1733 in
893 1704 995 1733 vrna
1029 1692 1296 1746 superfutura.

291 1789 357 1830 Ad
389 1787 492 1828 hanc
526 1789 798 1842 quaestionem
818 1787 1051 1829 soluendam
1071 1797 1236 1842 oportet
1255 1797 1416 1830 Vtram-

140 1861 220 1902 que
250 1851 529 1894 schedularum
564 1851 723 1894 claffem
759 1852 922 1893 seorsim
957 1853 1191 1891 examinare
1240 1864 1413 1907 eamque

140 1914 386 1958 subdiuitlere
421 1919 462 1959 iu
495 1918 590 1958 duas
627 1927 754 1972 partes
775 1948 787 1968 ‚
840 1930 1015 1972 quarum
1049 1914 1172 1956 altem
1208 1918 1413 1959 contineat

138 1978 341 2022 schedulas
373 1983 599 2023 etiamnum
635 1982 823 2031 sociatas,
868 1983 990 2022 altera
1026 1979 1198 2021 solutas:
1270 1981 1411 2037 inqui-

138 2055 277 2085 ramus
309 2045 358 2087 de
390 2047 551 2102 nigris,
600 2059 777 2104 quarum
812 2058 1007 2087 numerus
1046 2059 1151 2099 ..Τ-..σς
1198 2045 1409 2088 diuidatur

794 2111 844 2154 M
882 2123 905 2161 3
1337 2113 1406 2153 iile
