2008 2735
556 201 646 247 με
845 187 944 230 DE
1009 185 1572 233 ΒοκΜΑτ-ῐοΝΕ

556 312 766 354 formatur.
833 301 1042 346 Amisi-um
1076 302 1305 353 nimirum,
1341 300 1539 358 siquidem
1573 303 1679 348 nihil
1715 304 1824 353 aliud

555 376 608 419 est
630 407 641 426 ‚
693 383 814 427 quam
857 367 1117 410 membranae
1149 366 1358 419 eleuatio,
1411 381 1481 424 per
1518 372 1598 412 eius
1632 370 1827 416 eleuatio-

556 453 653 485 nem
684 447 844 492 quoque
877 435 1049 484 oritur,
1095 445 1193 474 cum
1244 434 1285 473 in
1340 435 1543 488 principio
1596 439 1828 482 membrana

557 506 674 561 plana
705 502 838 543 fuerit.
903 498 995 540 Iam
1030 497 1103 539 ista.
1132 498 1311 539 eleuatio
1340 496 1390 540 fit
1423 502 1616 554 vtrinque
1649 502 1831 557 longitu-

557 568 742 611 din-aliter
776 566 822 606 ad
857 563 1014 617 spinam
1048 561 1244 603 dorsalem
1288 562 1608 608 infracardiacam
1631 598 1642 616 ‚
1692 580 1733 612 et
1789 571 1829 611 in

561 643 645 676 tota
677 629 915 683 embryonis
948 636 1059 682 parte
1093 627 1385 681 supracardiaca
1420 638 1460 670 et
1493 632 1536 672 in
1571 633 1681 685 apice
1737 647 1835 677 cau-

560 700 639 741 dae.
708 698 759 740 In
791 695 871 750 ipsa
903 693 1038 748 spinae
1073 691 1238 735 dorsalis
1269 693 1365 733 facie
1394 696 1590 736 anteriori
1625 696 1738 741 nulla
1773 699 1836 741 fit.

563 765 694 808 Fouea
727 773 828 814 ergo
859 760 994 800 oritur
1027 757 1069 798 in
1104 757 1181 800 hoc
1215 758 1305 800 loco
1350 760 1412 800 seu
1465 760 1671 814 impreffio
1691 791 1704 813 ,
1756 760 1836 820 (p.)

564 841 614 871 eo
649 826 886 883 profundior
910 854 923 876 ,
977 833 1060 878 quo
1093 822 1224 876 magis
1259 824 1454 878 vtrinque
1488 828 1722 868 membrana
1755 829 1839 869 ele-

565 902 722 944 vatur,
771 900 812 932 et
863 887 1200 941 longitudinum,
1250 889 1468 929 secundum
1498 889 1672 931 ducrum
1710 893 1840 946 spinae

569 957 733 1000 dorsalis
754 987 766 1007 ,
811 966 864 996 ex
895 965 973 1008 qua
1006 950 1086 994 sola
1121 950 1232 994 nulla
1266 953 1497 995 membrana
1526 953 1742 1011 eleuatur,
1799 963 1844 1000 et

569 1020 652 1063 lata
680 1031 806 1074 aeque
841 1029 887 1058 ac
918 1016 1028 1071 spina
1058 1013 1218 1057 dorsalis
1253 1017 1332 1058 lata
1364 1017 1428 1059 est.

725 1111 758 1163 §-
797 1122 872 1161 92.
924 1108 982 1152 Et
1031 1110 1258 1151 accuratior
1311 1106 1434 1149 huius
1464 1121 1679 1164 aperturae
1712 1116 1848 1157 deter-

579 1178 752 1221 minatio
781 1185 823 1218 et
870 1176 1080 1229 quomodo
1127 1174 1309 1226 aliquam
1359 1174 1579 1217 notabilem
1629 1181 1850 1221 cauitatem

576 1243 755 1283 obtineat
777 1269 788 1289 ‚
821 1249 873 1278 ex
905 1238 1046 1278 eodem
1082 1235 1345 1277 fundamento
1377 1236 1638 1287 intelligitur.
1703 1241 1852 1282 Nimi-

579 1318 675 1347 rum
710 1303 823 1345 sicuti
858 1299 900 1355 (ξ.
941 1296 1029 1353 88.)
1060 1300 1161 1340 dum
1213 1301 1360 1352 vagina
1408 1301 1551 1354 capitis
1601 1310 1643 1343 et
1697 1304 1851 1361 reliqua

578 1368 683 1412 bulla
718 1366 1005 1409 inflatur'eius
1038 1365 1211 1405 ambitus
1244 1362 1354 1406 vltra
1402 1368 1655 1409 membranae
1703 1371 1852 1412 termi-

582 1445 684 1475 num
720 1432 982 1488 posteriorem
1017 1440 1221 1482 vrgetur‚
1269 1431 1325 1471 ita
1359 1428 1400 1468 iu
1438 1429 1513 1472 hoc
1543 1443 1705 1486 quoque
1739 1444 1854 1478 ante-

582 1500 683 1541 riori
720 1499 899 1539 termino
945 1493 1177 1535 membrana
1229 1496 1422 1548 vtrinque
1471 1497 1520 1538 ad
1565 1494 1669 1538 latus
1721 1501 1855 1554 spinae

582 1564 759 1606 firmiter
793 1560 982 1606 adhaeret
1013 1571 1171 1614 neque,
1235 1560 1496 1614 quantumuis
1528 1559 1635 1602 bulla
1672 1563 1854 1620 infletur,

583 1629 768 1671 soluitur.
855 1627 960 1667 Hinc
995 1623 1042 1663 fit
1063 1656 1075 1676 ,
1116 1633 1164 1665 vt
1200 1636 1331 1677 partes
1365 1624 1492 1666 bullae
1525 1623 1703 1668 laterales
1737 1630 1855 1675 valde

584 1693 735 1734 eleuari
769 1700 809 1734 et
843 1691 953 1732 vltra
987 1688 1135 1729 lineam
1169 1687 1416 1731 adhaesionis
1449 1691 1668 1732 introrsum
1715 1697 1855 1747 vrgcri

584 1758 732 1813 poffint
753 1790 764 1811 ‚
795 1757 903 1797 vnde
936 1755 1083 1794 cauitas
1115 1755 1251 1797 oritur
1275 1785 1286 1805 ,
1336 1766 1437 1810 quae
1469 1756 1509 1796 in
1545 1757 1669 1798 fundo
1702 1758 1856 1815 latior,

586 1824 628 1865 in
663 1824 748 1877 ipso
781 1820 942 1864 orificio
974 1819 1180 1870 angustior
1214 1818 1273 1861 sit.

375 1922 561 1974 (Fig.5.p.)
733 1920 762 1969 ξ.
802 1930 876 1967 93.
930 1917 1091 1958 Tamen
1123 1916 1230 1958 haud
1262 1915 1334 1958 soli
1368 1914 1497 1957 bullae
1531 1915 1748 1962 eleuationi
1785 1916 1853 1960 illa

587 1984 798 2024 excauatio
849 1983 1043 2034 debetur,
1095 1983 1157 2023 sed
1200 1983 1329 2037 quoad
1365 1980 1543 2034 aliquam
1581 1994 1737 2038 partem
1774 1984 1856 2024 iam

590 2046 790 2087 formatur
813 2077 823 2096 ,
859 2049 1095 2101 priusquam
1130 2048 1358 2088 membrana
1390 2044 1584 2088 eleuatur.
1654 2047 1730 2090 Illa
1748 2051 1860 2089 enim

593 2112 726 2164 prima
777 2110 908 2154 bullae
959 2111 1209 2154 adumbratio
1263 2109 1306 2167 (§.
1347 2107 1433 2166 82.)
1480 2124 1580 2166 quae
1633 2113 1674 2155 in
1716 2110 1863 2152 maiori

1728 2185 1864 2216 mem-
