2008 2735
355 153 488 199 stVE
543 141 784 197 AanTE
841 151 1174 196 ISLANDICO.
1313 157 1399 203 36⁵

130 279 200 329 per
236 274 344 325 ignes
380 271 647 311 subterraneos
678 280 729 309 ex
764 266 852 308 aliis
895 266 1092 322 lapidibus
1147 267 1409 321 produewm,

130 337 242 395 Quid
279 337 305 378 si
341 335 500 377 forsitan
538 345 657 373 verus
691 332 785 375 effit
821 332 922 388 lapis
966 332 1206 377 obsidianus
1260 328 1414 377 Plinii?

132 405 303 444 Vitrum
337 400 410 442 e'se
444 399 712 440 antecedentia
744 399 888 440 docent
921 401 1202 452 experimenta
1229 432 1241 453 ‚
1275 404 1329 443 ita
1366 411 1414 442 vt

134 469 315 523 pluribus
347 466 600 518 argumentis
623 495 634 514 ,
669 465 729 505 vti
765 467 880 519 {pero
903 495 914 515 ‚
973 465 1216 520 supersidere
1248 479 1410 520 queam.

136 534 398 575 Obsidianum
432 529 506 571 effe
542 529 692 581 Plinii,
726 532 881 571 autoris
916 530 1056 582 verba,
1091 544 1138 574 vt
1176 531 1283 573 mihi
1319 531 1416 586 qui-

137 600 228 640 drm
279 600 473 647 vitietur,
520 598 697 645 docent,
746 597 787 636 in
841 595 940 637 Hist.
998 595 1148 637 Natur.
1204 597 1288 639 Lib.
1344 597 1420 646 36.

136 662 232 718 Cap.
274 667 347 704 26.
382 661 580 703 dicentis:
634 659 681 700 In
711 674 850 714 genere
886 662 985 702 rcitri
1021 670 1059 702 et
1095 662 1296 715 Ohfidiana
1348 674 1420 703 nu·-

132 739 334 769 meramnr
355 758 366 776 ‚
395 727 450 768 ad
470 725 749 778 fimilttudinem
783 726 920 780 lapidis
943 758 953 777 ‚
998 738 1103 778 quem
1138 728 1178 767 in
1213 726 1419 783 Aethiopia

133 794 272 833 inus-m
308 791 483 844 Obfidius
508 822 518 841 ‚
551 791 747 844 nigerrimi
781 791 913 831 coloris
936 823 948 842 ‚
979 790 1176 843 aliquando
1208 801 1247 832 ct
1283 801 1421 834 trans-

134 856 246 898 lta-'di
270 889 280 907 ‚
332 855 510 906 craffiore
562 856 642 910 vi'it
666 886 677 904 ‚
727 864 842 908 atque
883 857 921 896 in
942 856 1103 910 speculis
1131 858 1324 911 parietum
1352 865 1420 911 pro

135 924 302 976 imagine
354 920 515 962 vmbros
558 919 743 960 reddente
764 950 775 968 ‚
823 931 996 971 gemmas
1047 920 1157 959 multi
1198 933 1247 960 ex
1281 933 1322 961 eo
1344 921 1424 974 sa·-

135 988 236 1026 cium
273 997 346 1026 ete.
414 984 553 1024 Miror
587 983 756 1034 proinde
788 994 872 1034 quo
907 985 995 1022 iure
1029 983 1254 1037 quibusque
1294 996 1423 1035 argu-

138 1051 286 1089 mentis
322 1048 454 1087 innixi
491 1047 734 1086 recentiores
767 1058 928 1100 quoque
959 1047 1214 1089 obsidianum
1240 1047 1420 1103 lapidem

132 1124 231 1154 cum
267 1110 420 1164 Gagate
442 1142 454 1163 ‚
486 1120 527 1150 et
558 1108 808 1152 Samotracia
843 1110 956 1152 Plinii
986 1114 1227 1155 confundere
1271 1123 1423 1169 potue-

136 1179 256 1228 rint,
303 1191 399 1218 cum
454 1173 659 1228 Gagathes
714 1174 762 1216 fit
815 1177 999 1219 bitumen
1055 1180 1224 1231 nigrum
1270 1179 1423 1220 siccum

137 1244 291 1283 durum
318 1273 329 1292 ‚
374 1241 486 1281 laeue
509 1270 520 1289 ‚
572 1240 842 1292 ponderosum
864 1273 876 1293 ‚
928 1256 1106 1297 opacum
1129 1275 1141 1295 ,
1196 1243 1422 1297 polituram

138 1308 186 1349 ad
225 1307 341 1347 instar
376 1305 522 1345 succini
555 1305 788 1345 admittens.
857 1306 1094 1349 Obsidianus
1129 1319 1293 1360 contra,
1326 1308 1423 1349 iux·

139 1381 178 1413 ta
216 1370 337 1425 ipsius
374 1369 484 1410 Plinii
519 1369 830 1422 descriptionem
866 1371 920 1411 est
971 1373 1073 1426 lapis
1124 1374 1240 1425 niger
1295 1373 1426 1415 inter·

137 1440 240 1480 dum
277 1433 576 1485 transsucidus,
627 1433 773 1488 speculi
809 1445 851 1476 et
886 1446 1152 1487 gemmarum
1189 1437 1422 1492 polituram

140 1503 356 1543 admittens
379 1533 390 1552 ,
421 1513 522 1554 qnae
560 1500 699 1540 omnia
733 1511 829 1540 cum
865 1501 978 1540 vitro
1010 1503 1145 1543 nostro
1179 1503 1296 1544 foffili
1337 1503 1423 1545 ele-

139 1577 280 1620 ganter
332 1567 594 1608 conueniunt.
688 1562 967 1606 Samothracia
1020 1566 1133 1608 Plinii
1185 1569 1238 1609 est
1273 1580 1423 1609 verum

141 1632 303 1683 lignum
339 1630 463 1672 fossile
497 1630 793 1670 bituminosum
829 1633 1013 1682 nigrum.
1117 1629 1206 1675 Nec
1249 1636 1424 1674 confun-

139 1697 314 1738 dendum
347 1698 427 1737 erit
459 1697 621 1737 vitrum
657 1696 841 1736 nostrum
877 1708 974 1736 cum
1013 1696 1206 1740 Morione
1243 1707 1284 1738 et
1324 1699 1421 1739 Pra-

142 1761 308 1802 mnione
344 1761 488 1813 Plinii,
537 1763 691 1815 quippe
726 1761 797 1815 qui
834 1760 937 1802 nihil
971 1759 1082 1801 aliud
1117 1762 1207 1803 sunt
1230 1792 1241 1809 ‚
1293 1775 1422 1816 quam

138 1825 318 1879 crystalli
352 1839 470 1869 verae
500 1825 719 1869 hexaedrae
748 1827 886 1879 nigrae
919 1837 970 1865 ex
1007 1836 1121 1881 parte
1155 1825 1388 1882 pellucidae.

291 1957 324 2006 §-
367 1966 437 2004 13.
470 1953 546 1997 Sed
579 1953 643 1995 his
675 1955 867 1997 omnibus
901 1954 1026 1996 mistis
1047 1985 1059 2001 ‚
1110 1954 1307 1999 vitimam
1349 1957 1424 2000 ad-

143 2020 221 2064 huc
259 2019 435 2062 mouebo
468 2022 755 2073 quaestionem,
858 2021 922 2061 Ex
953 2021 1119 2072 quoniam
1154 2021 1317 2077 lapidum
1352 2036 1423 2077 ge-

142 2098 233 2137 nere
265 2085 465 2142 conflatum
499 2084 549 2140 est
584 2087 732 2128 vitrum
768 2081 964 2130 nostrum?
1014 2085 1151 2131 Paucis
1184 2100 1284 2145 quae
1331 2099 1425 2130 mea

144 2144 167 2168 r

720 2148 868 2200 Zza
1366 2151 1424 2199 stt
