2008 2735
394 146 593 195 MEDIA
639 140 1184 190 MATRIMONIORVM.
1328 155 1346 181 1
1364 154 1409 190 ¹5

154 263 336 318 tiplicare
389 272 609 302 numerum
660 258 1026 299 matrimoniorum
1077 268 1308 298 annuorum
1344 269 1415 312 per

156 331 243 375 18}-
324 326 399 368 Sed
436 325 514 379 ipse
548 334 742 364 numerus
779 322 1144 362 matrimoniorum
1180 334 1415 363 annuorum

150 404 258 433 nunc
310 393 446 431 minor
497 388 573 428 erit
620 387 662 426 in
703 387 857 428 ratione
892 387 1091 426 viuorum
1126 386 1417 440 superstitum,

148 457 189 500 id
241 457 324 505 est,
375 457 414 494 in
467 454 619 492 ratione
669 453 832 491 numeri
876 461 987 490 1000
1022 450 1069 490 ad
1106 456 1210 502 888,
1244 454 1315 506 qui
1351 464 1416 492 re·-

148 520 338 573 spondent
369 517 559 559 aetatibus
597 525 654 555 20
688 525 729 555 et
767 527 824 565 30
860 527 1095 566 annorum;
1153 514 1285 566 igitur
1337 529 1416 556 nu·

148 596 284 624 merus
317 581 681 623 matrimoniorum
714 591 947 621 annuorum
980 592 1086 619 nunc
1108 579 1188 618 erit
1213 582 1412 629 533⁵><500

146 648 230 688 fiue
264 660 385 698 444,
420 647 490 699 qui
528 643 828 698 multiplicatus
880 656 950 698 per
1009 645 1083 689 18}
1134 644 1201 684 dat
1260 649 1378 693 8362
1404 677 1415 698 ,

144 724 241 752 cum
279 722 392 752 antea
425 711 549 750 fuerit
590 722 766 759 119173
803 722 931 749 annon
983 709 1107 749 etiam
1156 710 1415 762 matrimonia

144 777 295 831 prieris
345 774 470 816 classis
520 773 655 814 multo
705 774 958 814 foecundior-a
994 771 1191 826 praesumi
1237 775 1415 827 possunt,

145 853 270 893 qiam
328 839 588 879 matrimonia
639 836 758 877 finito
808 838 977 878 demum
1036 836 1242 887 trigesimo
1276 839 1415 880 aetatis

146 916 251 944 anno
288 900 422 942 inita?
468 902 509 944 Si
545 913 645 955 quae
675 902 816 942 ciuitas
848 915 869 942 a
909 913 994 948 500
1034 902 1308 942 matrimoniis
1341 916 1415 943 an-

144 980 267 1017 nu25,
323 966 487 1017 siugulis
538 966 605 1004 iub
640 964 761 1005 finem
796 964 981 1016 vigesimi
1017 966 1153 1004 aetatis
1187 967 1279 1005 anni
1316 980 1414 1007 con-

144 1032 281 1071 tractis
302 1059 312 1077 ,
347 1028 562 1082 quotannis
600 1040 720 1073 2300
758 1027 900 1067 liberos
938 1027 1187 1080 susceperit,
1220 1026 1315 1067 haec
1346 1041 1414 1071 ea-

140 1095 234 1135 dem
270 1093 412 1131 ciuitas
444 1092 546 1131 forte
585 1093 655 1130 vix
689 1090 799 1132 vltra
841 1102 959 1131 1000
1003 1090 1146 1132 liberos
1195 1095 1410 1145 quotannis

140 1157 317 1210 acquiret
340 1187 350 1207 ‚
381 1155 410 1196 fi
445 1156 584 1196 omnia
617 1165 656 1194 et
693 1154 848 1208 singula
885 1156 1146 1198 matrimonia
1180 1155 1313 1212 elapso
1338 1159 1411 1200 de·

140 1233 260 1262 mum
298 1219 508 1271 trigesimo
541 1220 679 1259 aetatis
712 1234 817 1261 anno
849 1222 1045 1264 ineantur.
1400 1211 1412 1217 Α

290 1285 323 1333 §.
382 1297 445 1333 ¹4-
498 1284 678 1325 Verbum
731 1286 871 1326 addam
925 1287 972 1326 de
1008 1297 1182 1326 numero
1217 1287 1408 1329 viduato·

141 1359 238 1388 rum
272 1349 464 1387 omnium
497 1349 709 1400 vtriusque
743 1352 856 1389 (exus
883 1380 894 1396 ,
948 1352 1020 1404 qui
1055 1351 1102 1391 ad
1144 1352 1328 1402 eandem,
1362 1353 1410 1393 de

142 1423 220 1465 qua
254 1412 436 1451 diximus
478 1410 688 1450 ciuitatem
740 1413 1029 1466 pertinebunt,
1082 1414 1111 1454 si
1164 1416 1408 1458 viduitatem

142 1486 341 1528 perpetuo
377 1476 528 1515 seruare
563 1485 766 1527 ponantur
791 1508 802 1527 ‚
853 1486 922 1516 aut
958 1476 986 1516 s1
1034 1489 1176 1516 omnes
1228 1480 1408 1521 viduita-

142 1550 222 1578 tem
258 1539 376 1578 iemel
414 1538 505 1591 paffi
544 1537 607 1578 vel
645 1537 767 1591 passae
805 1539 900 1579 huic
953 1542 1083 1581 censui
1132 1554 1406 1584 annumeren-

139 1613 219 1643 tur.
322 1602 443 1657 Quod
493 1600 521 1639 fi
572 1611 710 1641 autem
762 1604 802 1642 in
863 1603 994 1642 tabula
1030 1605 1272 1657 paragraphi
1307 1608 1406 1649 sexti

137 1666 330 1707 addantur
367 1665 527 1705 numeri
565 1665 779 1705 columnae
811 1676 997 1719 quartae3
1032 1669 1191 1709 orietur
1210 1681 1406 1711 numerus

141 1734 296 1778 10326
332 1730 402 1783 qui
438 1727 626 1783 proxime
676 1731 885 1784 exprimet
935 1743 1158 1773 numerum
1210 1737 1404 1775 omnium

137 1796 398 1847 personarum
452 1793 714 1833 viduatarum
769 1805 893 1846 Vsque
928 1795 973 1834 ad
1010 1794 1134 1835 finem
1171 1799 1306 1837 aetatis
1344 1806 1399 1848 89

139 1871 370 1900 annorum:
423 1857 519 1898 huic
571 1857 660 1897 addi
711 1859 871 1911 possunt
907 1862 1208 1911 propemodum
1245 1874 1303 1910 24
1336 1865 1401 1904 su·-

137 1923 316 1976 perstites
352 1931 522 1964 aetatem
567 1922 679 1963 istam
734 1922 990 1974 tramgmffi,
1042 1923 1094 1963 ita
1146 1933 1193 1963 vt
1243 1925 1401 1969 summa

135 1987 325 2027 omnium
363 1987 620 2039 personarum
656 1986 914 2027 viduatarum
953 1988 991 2025 in
1042 1987 1207 2028 ciuitate
1253 1992 1400 2033 censeri

136 2060 252 2105 queat
296 2061 461 2100 10350.
546 2051 680 2104 Igitur
714 2064 855 2092 omnes
891 2051 1074 2107 peribu-ae
1106 2052 1258 2095 foedere
1306 2068 1395 2099 vna-

706 2114 734 2156 P
771 2127 795 2154 2
1244 2119 1396 2162 trimo-
