2008 2735
581 211 673 256 434
866 199 965 242 DE
1031 195 1580 243 FORMATIONE

514 309 518 312 ⁵
581 318 740 366 situm,
789 325 884 355 cum
938 317 1063 356 tertio
1113 315 1178 355 die
1230 316 1340 357 fouea
1393 313 1552 367 oblique
1608 312 1747 354 situata
1788 313 1846 356 sit.

582 382 770 431 Embryo
803 380 913 419 enim
949 380 1025 422 hoc
1061 380 1200 433 primo
1229 381 1291 421 die
1329 378 1443 433 plane
1475 378 1628 419 ereftus
1665 388 1705 420 et
1756 391 1853 432 pro-

584 458 659 486 nus
711 443 806 485 situs
853 443 942 496 cst,
991 456 1119 497 neque
1169 445 1391 498 quidquam
1443 445 1487 484 ad
1524 443 1626 483 latus
1661 443 1853 484 dextrum

583 511 728 551 versus.
794 506 924 549 Crura
959 507 1115 558 limbi,
1146 520 1247 561 quae
1280 508 1464 549 deorsum
1503 518 1741 557 excurrunt,
1772 509 1856 548 cito

582 575 852 624 euanescunt,
902 581 942 614 et
991 572 1143 626 reliqua
1178 573 1306 625 igitur
1340 582 1529 625 apertura
1566 573 1688 613 nullis
1724 572 1858 612 limbis

582 639 793 690 cingitur,
840 650 968 693 neque
1016 635 1196 679 foueolae
1230 636 1430 678 inferioris
1473 637 1607 679 vuum
1643 637 1859 689 vestigium

585 704 700 745 adest.

363 803 565 843 Indedistin-
738 800 772 849 ξ.
810 808 880 848 95.
920 798 969 840 In
1003 799 1147 839 eodem
1185 798 1284 840 statu
1319 798 1400 840 fere
1432 797 1479 839 acl
1513 798 1622 839 diem
1645 796 1862 839 secundum

365 855 558 954 ἓῇἓὲῃξὲἱω
590 863 759 935 linitum
795 874 920 918 vsque
950 874 1138 918 apertura
1185 872 1409 917 permanet.
1509 862 1665 914 Vagina
1721 859 1866 913 capitis

368 956 404 990 fit
432 956 484 988 die
512 954 558 987 se·
592 929 760 968 interim
795 928 987 969 eleuatur.
1075 927 1155 968 Die
1189 928 1357 968 secundo
1387 925 1507 967 finito
1542 939 1640 968 vero
1673 924 1864 966 notabiles

369 1004 478 1039 cundo
498 1016 571 1037 ver-
595 993 839 1034 mutationes
874 992 914 1030 in
949 1001 1136 1043 apertura
1170 991 1425 1042 contingunt.
1523 991 1665 1032 Primo
1699 989 1864 1042 quidem

370 1063 473 1089 tente-
593 1054 639 1093 ab
672 1052 941 1094 incraffatione
976 1055 1229 1093 membranae
1263 1055 1311 1093 ad
1346 1053 1468 1092 latera
1521 1055 1651 1106 spinae
1701 1051 1863 1094 dorsalis

370 1102 571 1150 (πᾶν)
595 1130 672 1172 qua
706 1119 860 1159 futurae
897 1126 1023 1170 partes
1058 1115 1239 1156 laterales
1269 1115 1399 1155 bullae
1429 1117 1723 1167 exprimuntur
1770 1115 1861 1166 (fig.

600 1193 639 1230 5.
676 1180 759 1235 r.),
808 1190 994 1234 apertura
1046 1179 1267 1220 distinctior
1323 1179 1571 1230 paulumque
1625 1178 1865 1231 profundior

596 1245 789 1285 redditur.
874 1243 1032 1284 Deinde
1071 1255 1165 1282 cum
1201 1241 1373 1291 embryo
1406 1242 1487 1279 iam
1523 1241 1630 1279 verti
1667 1240 1867 1291 incipiat,

596 1307 805 1349 orificium
842 1319 1000 1360 quoque
1031 1307 1256 1347 cardiacum
1292 1302 1489 1358 paulatim
1520 1302 1680 1357 oblique
1700 1304 1866 1356 ponitur

598 1368 680 1426 (fig.
716 1373 784 1412 cit.
820 1370 884 1425 k.).
987 1369 1061 1413 Sed
1097 1368 1313 1422 singularia
1349 1377 1505 1422 praeter
1547 1367 1640 1408 haec
1693 1366 1869 1421 phaeno-

599 1449 715 1477 mena
752 1435 829 1476 hoc
862 1446 1046 1491 tempore
1080 1436 1302 1486 accedunt,
1353 1443 1453 1487 quae
1487 1432 1693 1488 separatim
1738 1431 1869 1473 confi·

598 1503 736 1544 derare
769 1510 943 1554 oportet.
1785 1513 1787 1516 ·

380 1606 422 1640 Et
445 1602 566 1650 duplici
754 1597 784 1646 §.
821 1600 896 1644 96.
948 1597 997 1638 In
1032 1598 1301 1651 superioribus
1332 1596 1488 1638 dicium
1523 1594 1598 1635 fuit
1623 1624 1635 1644 ‚
1684 1593 1865 1636 suturam

379 1651 580 1716 ²³‚¹¹<{0¹¹¹,d'¹‘
602 1661 726 1702 tertio
755 1659 819 1701 die
852 1661 1009 1716 duplici
1045 1662 1173 1703 limbo
1203 1663 1371 1713 ornari,
1405 1672 1578 1716 quorum
1614 1660 1784 1700 interior
1819 1658 1868 1699 fit

381 1702 579 1789 ssgmgfflinf‘
604 1724 858 1766 membranae
881 1759 892 1779 ‚
943 1738 994 1766 ex
1044 1727 1238 1768 anteriori
1280 1727 1413 1781 spinae
1445 1723 1605 1766 dorsalis
1639 1724 1735 1765 facie
1772 1736 1868 1778 pro-

381 1781 579 1839 turaddti'em
602 1790 775 1842 duit-ac,
823 1799 864 1830 et
915 1791 1147 1832 extrorsum
1194 1794 1235 1832 in
1269 1802 1398 1847 partes
1430 1789 1559 1832 bullae
1594 1787 1771 1828 laterales
1804 1799 1869 1826 re-

383 1858 427 1889 11.
461 1853 583 1888 absolu·
604 1854 728 1894 flexae
750 1886 760 1904 ‚
795 1866 939 1908 margo
973 1865 1041 1895 aut
1075 1856 1246 1908 angulus
1269 1888 1279 1908 ,
1329 1857 1400 1911 qui
1432 1853 1646 1895 reflexione
1679 1852 1868 1894 efficitur.

384 1913 569 1996 {1'2'11
606 1919 799 1959 Exterior
832 1921 885 1961 est
918 1918 1064 1960 limbus
1095 1920 1318 1962 abdominis
1339 1952 1350 1972 ,
1396 1919 1509 1974 super
1560 1931 1682 1971 quem
1736 1930 1869 1958 mem-

386 1967 517 2052 vastas}
543 1982 547 1987 “
571 1978 579 1986 “
605 1983 721 2022 brana
756 1983 824 2023 illa
846 2015 856 2034 ‚
892 1996 992 2038 quac
1026 1983 1224 2038 pellucida
1258 1987 1312 2027 est
1332 2018 1343 2037 ,
1375 1983 1526 2025 transit.
1629 1981 1870 2023 Notandum

607 2048 719 2085 enim
770 2048 856 2098 est,
904 2061 953 2089 co
1010 2059 1193 2104 tempore
1235 2051 1283 2092 de
1316 2049 1526 2091 abdomine
1563 2046 1666 2088 nihil
1701 2046 1869 2086 existere

609 2119 766 2166 practer
814 2113 1021 2163 angustam
1073 2123 1113 2154 et
1170 2125 1348 2157 teneram
1397 2112 1630 2165 fasciolam,
1679 2112 1868 2159 vtrinquc

1757 2171 1868 2214 iuxta
