2008 2735
404 190 604 238 MEDIA
651 188 1198 236 MATRIMONIORVM.
1341 203 1359 230 1
1373 200 1429 238 ²3

164 305 236 348 fiat
283 308 490 360 quaestio,
540 306 674 348 eadem
726 301 918 346 columna
970 306 1088 345 tertia
1136 303 1285 345 indicat
1337 311 1434 346 tunc

161 372 355 427 superesse
408 385 496 413 202
546 370 807 412 matrimonia
834 401 845 421 ,
895 380 1020 425 eaque
1072 369 1119 410 ad
1168 382 1250 410 101
1292 370 1434 411 reduci

164 447 350 492 tempore
384 451 411 487 9
448 448 648 478 annorum
683 447 779 475 cum
816 447 900 476 vno
944 436 1092 476 mense.
1192 436 1331 488 Atque
1378 435 1433 477 fic

163 501 279 543 nullo
313 503 475 555 negotio
511 501 652 542 tabella
702 499 942 542 conficietur
996 500 1141 541 similis
1195 499 1259 541 illi
1308 512 1434 553 quam

163 567 279 620 supra
313 566 565 621 paragrapho
599 578 707 607 nono
741 565 906 621 apposui
930 596 940 615 ‚
974 567 1083 619 quod
1118 563 1317 605 monuisse
1353 565 1435 607 suf-

163 630 281 672 ficiat.
378 632 586 688 Quoniam
638 640 777 671 autem
831 630 1088 685 potissimum
1136 631 1268 671 sermo
1300 629 1356 670 est
1387 631 1435 671 de:

162 697 375 738 duratione
428 699 560 739 media
612 697 981 737 matrimoniorum
1033 708 1109 751 pro
1142 696 1256 736 varia
1289 696 1434 736 coniu-

162 771 267 813 gum
300 771 426 803 aetate
448 794 459 814 ‚
492 773 639 818 parum
674 762 776 803 istud
810 761 955 803 laboris
987 772 1067 804 non
1100 759 1318 802 declinabo.

764 828 884 868 Aetas
907 838 1046 867 annor.
1077 825 1259 866 Duratio
1284 824 1416 866 media

765 892 858 933 Viri
882 894 1025 934 Foem.
1058 889 1433 932 Matrimoniorum

284 955 316 1003 ξ.
372 967 440 1003 19.
491 953 723 995 Conficitur
780 968 839 1004 40
934 967 990 992 20
1064 958 1288 1002 17anni11
1310 956 1432 996 mens.

169 1014 266 1058 haec
285 1020 485 1070 quaestio,
512 1030 609 1057 cum
633 1030 719 1057 ma-
781 1028 838 1067 45
934 1026 988 1064 25
1063 1029 1114 1065 15
1288 1022 1310 1058 8

164 1080 237 1119 riti
276 1093 331 1120 20
366 1093 568 1121 annorum
596 1091 722 1121 aetate
783 1093 839 1131 50
934 1092 992 1130 30
1064 1093 1117 1130 13
1285 1093 1314 1131 9

164 1144 351 1198 superant
376 1158 545 1197 vxore5‚
577 1149 721 1189 eodem
785 1157 805 1196 5
820 1158 839 1196 5
935 1155 989 1196 35
1066 1160 1081 1185 1
1098 1160 1115 1186 1
1256 1159 1274 1185 1
1289 1159 1308 1187 1

168 1207 285 1261 plane
320 1212 443 1251 modo
476 1225 558 1265 quo
592 1212 624 1259 §-
651 1225 720 1252 11.
781 1216 842 1253 60
931 1224 991 1262 40
1066 1223 1115 1250 10
1135 1235 1242 1242 ——-»—
1285 1225 1314 1252 o

167 1271 226 1312 vsi
249 1273 384 1313 sumus
399 1305 409 1325 ‚
444 1287 540 1316 cum
559 1286 662 1317 aetas
683 1277 724 1316 in
779 1282 838 1326 65
932 1286 988 1326 45
1097 1281 1119 1316 8
1134 1299 1241 1305 *-
1289 1287 1308 1314 1

166 1347 341 1390 vtroque
360 1339 530 1391 coniuge
549 1342 727 1392 aequatis
783 1353 840 1392 70
938 1352 995 1389 50
1093 1344 1239 1380 6--
1285 1353 1309 1379 2

167 1400 472 1454 supponeretur.
553 1402 618 1444 Sic
655 1417 730 1458 pro
784 1416 840 1455 75
941 1416 993 1454 55
1092 1420 1123 1456 4
1255 1417 1311 1444 10

167 1475 293 1505 aetate
331 1467 475 1507 initiali
510 1479 566 1515 40
603 1482 727 1509 anno-
791 1475 844 1511 80
938 1473 995 1508 60
1105 1482 1246 1518 3——
1285 1473 1314 1508 6

167 1540 262 1568 rum
300 1532 338 1569 in
377 1532 476 1570 viris
509 1542 549 1570 et
577 1546 631 1571 20
656 1547 724 1573 an-
790 1540 841 1580 85
883 1582 885 1589 s
943 1539 1000 1581 65
1099 1545 1119 1570 2
1284 1537 1313 1572 6

165 1605 315 1632 norum
365 1597 403 1634 in
442 1596 659 1646 foeminis,
691 1598 769 1636 erit
802 1600 960 1637 summa
997 1598 1222 1649 accipienda
1269 1597 1439 1638 colum-

163 1669 233 1697 nae
270 1660 410 1699 tertiae
448 1661 488 1699 in
526 1660 656 1701 tabula
693 1664 948 1715 praecedente
971 1691 981 1711 ‚
1025 1673 1126 1714 quae
1162 1660 1210 1700 fit
1244 1672 1431 1710 :9207

160 1719 338 1777 ,haecque
390 1725 602 1766 diuidenda
655 1739 725 1780 per
778 1738 1002 1767 numerum
1065 1727 1432 1767 matrimoniorum

165 1786 363 1828 initialem
415 1790 478 1830 stu
533 1802 603 1841 per
659 1802 767 1840 50ος
819 1792 1007 1845 quotiens
1060 1794 1139 1831 ersst
1199 1793 1307 1837 18¹25
1339 1791 1431 1830 anni

166 1850 231 1890 vel
267 1855 453 1904 proxime
491 1859 544 1894 18
584 1868 673 1896 ann.
709 1868 804 1896 cum
847 1867 866 1904 5
910 1854 1138 1904 mensibusg
1175 1853 1268 1892 hinc
1301 1856 1434 1895 detra·

166 1915 237 1954 c‘tis
273 1922 299 1955 6
339 1919 566 1969 mensibus,
616 1932 824 1961 remanent
865 1931 918 1968 17
955 1921 1044 1959 anni
1083 1933 1177 1959 cum
1220 1932 1267 1957 11
1317 1933 1434 1960 men-

166 1979 267 2020 sibus
305 1996 377 2035 pro
409 1985 618 2026 duratione
652 1987 783 2027 media
817 1983 1003 2040 quaesitu.
1084 1989 1219 2037 Atque
1256 1983 1305 2024 fic
1341 1998 1433 2038 par-

168 2046 306 2086 vulam
343 2050 543 2090 construxi
597 2052 783 2093 tabellam
835 2049 1095 2104 appositam,
1147 2062 1271 2103 quam
1327 2062 1433 2090 nunc

164 2124 396 2165 comparare
432 2113 524 2154 licet
558 2129 654 2157 cum
689 2115 810 2157 simili
848 2114 989 2156 tabella
1048 2114 1301 2167 paragrapho
1354 2129 1432 2156 vn-

163 2177 324 2218 decimo
373 2180 591 2232 adiuuet-a,
650 2192 696 2223 vt
749 2181 800 2221 sic
851 2181 1061 2222 discrimen
1095 2212 1105 2231 ,
1166 2180 1273 2234 quod
1326 2179 1432 2221 inter

769 2246 818 2301 Q
847 2259 868 2285 2
1262 2254 1432 2286 rtrum-
