2008 2735
579 180 664 222 528
767 172 850 213 DE
883 169 1321 215 PROPRIETATlB.
1357 171 1651 218 PLANTAR.

573 299 633 328 res
667 287 703 325 lu
742 283 886 338 plantis
909 317 920 338 ‚
951 289 998 329 de
1031 287 1172 341 quibus
1205 299 1315 340 ago,
1350 297 1479 342 partes
1511 290 1556 329 ab
1593 289 1669 344 ipsa
1706 291 1844 341 maris,

575 351 853 405 paludfflnque
883 364 983 405 aqua
1010 383 1021 403 ,
1067 353 1106 391 iu
1137 365 1200 393 eas
1235 365 1446 407 peruen:re
1469 384 1479 403 ,
1529 365 1648 407 atque
1681 355 1726 393 ab
1763 354 1843 394 illis

573 415 742 455 vitei-ius
776 414 913 468 perfici
947 427 989 456 et
1023 414 1215 456 elaborari
1250 431 1299 458 co
1331 419 1476 460 certius
1511 418 1615 458 mihi
1664 419 1812 460 constat
1833 450 1845 471 ,

573 491 656 533 quo
686 478 930 519 luculentius
981 480 1160 531 scimus,
1210 481 1348 523 oleum
1399 494 1495 524 cum
1540 495 1678 536 aqua,
1731 482 1847 525 alcali

572 557 648 597 ope
686 543 925 585 miscibilem
960 545 1066 597 css‘e,
1110 543 1289 598 hancque
1323 548 1569 588 mixtionem
1604 558 1644 588 ct
1683 550 1722 587 in
1759 561 1846 589 ma-

571 610 627 648 ris
655 621 865 650 occurrere
897 621 996 662 aqua
1018 641 1028 660 ‚
1069 619 1109 649 et
1142 610 1184 649 in
1221 610 1290 651 illa
1323 613 1588 663 stagnantium
1627 612 1847 665 paludum,

572 674 882 714 Tremellarum
918 672 1218 726 Byss‘orumque
1256 679 1398 728 patria.
1467 676 1560 716 lude
1597 679 1696 718 forte
1733 678 1847 718 simi-

572 737 622 778 lis
674 740 715 779 iu
768 738 966 790 alcyouiis
1000 739 1234 793 quibusdam
1269 750 1308 779 et
1345 740 1577 794 praesertim
1613 742 1663 782 A.
1700 742 1812 783 Ficus
1836 774 1847 793 ‚

573 802 670 844 Pall.
709 802 772 845 El.
811 816 848 843 n.
895 816 998 852 209.
1049 802 1249 846 obseruata
1302 805 1465 845 Facultas
1517 803 1732 847 deriuanda
1781 807 1844 846 est.

573 867 731 909 Habent
761 880 894 920 ergo,
956 868 1026 921 qui
1079 866 1300 909 inhabitant
1350 870 1523 918 littora,
1577 869 1723 923 plantis
1773 870 1850 910 suis

574 933 740 973 marinis
774 932 947 974 efficacia
979 931 1218 973 resoluentia
1253 934 1554 985 medicamina,
1606 940 1745 988 inpone
1780 938 1850 976 suo

573 998 733 1048 agentia
755 1027 767 1047 ‚
799 999 976 1050 adeoque
1010 997 1116 1037 stases
1152 1006 1312 1036 tantum
1348 1000 1509 1051 frigidas
1532 1029 1542 1049 ‚
1577 998 1814 1039 resoluentia
1839 1030 1849 1049 ‚

574 1060 742 1100 morbos
777 1061 948 1113 proinde
982 1060 1166 1100 tollentia
1188 1090 1202 1110 ,
1237 1060 1320 1098 illis
1354 1063 1394 1102 in
1428 1062 1657 1112 regionibus
1677 1064 1853 1103 familia-

575 1135 648 1165 res.
719 1121 876 1177 Nequei
900 1121 1123 1175 mpedit,s1
1157 1124 1446 1164 determinatae
1480 1126 1624 1178 species
1657 1127 1853 1166 determi-

576 1198 684 1227 natas
703 1186 828 1226 adhuc
849 1187 1099 1226 obtinuerint
1122 1185 1224 1224 olim
1244 1187 1583 1226 obseruationibus
1604 1189 1851 1230 confirman-

576 1249 658 1300 das,
678 1250 849 1289 virtutes
867 1247 974 1288 alias.
1010 1247 1172 1288 Sufficit
1191 1248 1302 1287 enim
1337 1249 1559 1301 sapanaccas
1592 1249 1664 1288 effe
1698 1263 1854 1303 omnes,

578 1311 679 1354 hanc
709 1325 785 1365 que
821 1313 910 1353 vim
946 1311 1070 1353 odore
1104 1323 1265 1365 quoque
1295 1322 1333 1351 et
1367 1313 1503 1366 sapore
1536 1315 1705 1367 prodere
1740 1315 1823 1357 suo.

729 1378 873 1419 Altera
908 1375 1138 1430 plantarum
1183 1377 1534 1430 imperfeetiorum
1577 1379 1731 1419 familia
1783 1392 1853 1420 na-

582 1439 722 1481 turalis
755 1442 808 1484 est
830 1475 842 1491 ,
878 1438 1063 1483 Lichenes
1099 1440 1373 1494 complectens
1394 1474 1405 1493 ,
1440 1440 1591 1496 plantas
1613 1473 1623 1493 ‚
1658 1454 1753 1485 cum
1789 1445 1853 1485 fu·

577 1507 632 1547 cis
667 1508 905 1560 quibusdam
942 1505 1041 1548 adeo
1075 1503 1295 1557 ati-alogas,
1344 1517 1391 1547 vt
1428 1506 1501 1547 vix
1536 1507 1722 1558 distingui
1757 1521 1850 1562 pos-

577 1569 667 1611 fiut.
744 1570 920 1614 Roccella
954 1581 1062 1612 certe
1094 1569 1233 1610 habitu
1268 1571 1364 1612 adeo
1397 1570 1544 1613 accedit
1566 1602 1576 1622 ‚
1627 1582 1673 1611 vt
1709 1573 1749 1612 ni
1786 1572 1850 1614 lo-

577 1646 673 1676 cum
696 1666 708 1685 ,
744 1649 827 1691 quo
862 1637 1054 1688 prouenit
1090 1635 1202 1676 scires
1228 1665 1239 1685 ,
1287 1649 1361 1690 pro
1397 1637 1488 1677 fuco
1519 1634 1689 1676 haberes.
1769 1637 1850 1678 At-

578 1711 656 1753 que
691 1698 742 1740 fic
775 1700 842 1740 alii
879 1711 930 1739 ex
963 1698 1043 1740 illis
1087 1699 1248 1749 multi,
1298 1701 1368 1754 qui
1427 1699 1619 1742 tubercula
1670 1710 1850 1754 gerunt,

563 1762 810 1819 fruticesque
839 1763 1106 1806 aemulantur.
1175 1763 1332 1804 Omnes
1364 1775 1510 1818 repunt
1533 1795 1545 1815 ,
1586 1777 1728 1806 omnes
1762 1765 1851 1807 sub-

580 1829 719 1870 stantia
752 1828 926 1881 gaudent
948 1859 960 1880 ‚
1011 1841 1111 1883 quae
1143 1840 1166 1868 a
1200 1827 1373 1872 calcarea
1407 1843 1484 1871 non
1521 1829 1704 1870 multum
1739 1831 1852 1872 ablu-

579 1893 673 1942 dit;
721 1893 834 1936 facies
866 1895 1059 1935 omnium
1094 1892 1248 1947 leprosa
1281 1896 1336 1937 est
1358 1925 1370 1945 ‚
1420 1892 1746 1936 fructificationes
1785 1895 1852 1935 vi-

580 1956 725 1998 dentur
758 1969 896 2012 gerere
918 1990 929 2009 ‚
984 1959 1066 2000 iam
1100 1959 1234 2011 magis
1265 1959 1483 2011 euolutas‚
1532 1969 1663 2014 partes
1703 1960 1853 2002 scilicet

581 2029 770 2076 Vtrasque
821 2022 1046 2078 genitales,
1093 2036 1266 2080 quarum
1320 2022 1514 2080 quaelibet
1562 2024 1625 2067 sua
1671 2025 1718 2066 ad
1755 2038 1854 2079 pro·

580 2088 828 2131 creationem
861 2090 1052 2134 conferat.
1134 2089 1303 2133 Habitus
1334 2091 1377 2134 in
1410 2101 1553 2145 genere
1589 2090 1685 2134 adeo
1717 2089 1852 2140 fingu-

1727 2151 1822 2192 laris
1842 2181 1853 2198 ‚
