2008 2735
554 135 642 171 116
835 127 936 172 DE
1002 126 1501 171 DVRATIONE

551 243 776 287 trimoniali
813 243 970 283 iunctae
1005 242 1205 282 rationem
1240 241 1436 283 habebunt
1469 240 1516 282 ad
1556 253 1696 283 omnes
1742 244 1814 283 vi-

551 311 688 350 duatas
740 309 1040 363 propemodum
1094 317 1141 346 vt
1175 313 1331 356 23834
1365 308 1410 347 ad
1451 316 1600 353 10350
1635 307 1700 347 vel
1736 307 1813 346 fere

552 385 600 414 τε
636 386 690 421 23
729 379 776 413 ad
817 385 885 411 10.
985 371 1093 412 Haec
1129 372 1183 410 ita
1218 372 1252 411 se
1302 372 1529 419 habebunt,
1580 369 1609 410 fi
1660 369 1814 420 singula

551 438 816 479 matrimonia
847 444 974 475 aetate
1013 446 1066 472 20
1119 447 1321 476 annorum
1373 448 1447 489 pro
1498 445 1674 487 x'troque
1724 439 1816 473 iexu

552 502 739 542 celebrari
773 508 988 553 ponantur.
1059 499 1181 538 Aetas
1211 499 1287 540 ulia
1324 499 1448 540 aliam
1482 498 1660 539 tabulam
1697 497 1819 538 alios-

554 576 632 618 que
667 574 860 603 numeros
895 560 1090 612 haberet,
1139 574 1241 615 quae
1274 574 1414 603 autem
1457 562 1539 602 leui
1592 564 1819 602 mutatione

555 629 820 668 obtinentur:
869 628 1024 666 nimius
1057 624 1151 675 sim,
1183 626 1212 665 si
1246 629 1385 668 omnia
1417 628 1615 678 attingam
1638 657 1650 676 ,
1683 626 1823 679 super·

555 692 646 733 sunt
678 692 790 731 enim
831 701 957 743 quam
1013 688 1214 742 plurimae
1262 691 1534 744 quaestiones,
1585 701 1686 742 quae
1735 689 1819 729 solo

556 755 713 798 calculo
744 765 786 795 et
820 755 984 807 quidem
1022 753 1169 792 melius
1202 767 1327 807 quam
1365 754 1704 794 obseruationibus
1754 763 1824 793 vt-

555 832 716 874 cunque
749 819 906 860 assiduis
940 819 1278 858 determinantur.

709 885 744 933 §.
804 892 872 932 13.
925 881 1167 932 Progredior
1217 884 1265 923 ad
1312 881 1490 922 alterum
1541 879 1829 920 matrimonio·

560 961 657 988 rum
703 959 828 999 genus
870 948 975 985 inter
1008 945 1185 984 diuersae
1219 945 1356 985 aetatis
1390 947 1580 998 coniuges
1613 945 1830 986 mitorum.

560 1011 815 1053 Communia
850 1010 940 1048 sunt
983 1008 1265 1048 huiuscemodi
1317 1011 1547 1058 connubia,
1594 1022 1691 1048 cum
1742 1007 1827 1061 ple-

564 1087 721 1128 runque
766 1075 936 1113 maritus
989 1084 1162 1112 vxorem
1213 1080 1339 1111 aetate
1394 1070 1563 1124 superet.
1661 1070 1827 1109 Notum

562 1149 702 1180 autem
737 1138 790 1178 est
825 1136 1057 1190 periculum
1111 1137 1255 1175 mortis
1307 1136 1474 1176 crescere
1523 1147 1620 1175 cum
1671 1144 1828 1184 aetate,

566 1212 850 1258 praeterquam
883 1202 992 1255 quod
1016 1231 1028 1251 ,
1060 1201 1222 1239 caeteris
1257 1199 1445 1253 paribus,
1498 1199 1628 1237 maius
1660 1208 1823 1249 quoque

567 1264 800 1320 periculum
834 1264 884 1305 fit
918 1266 959 1304 in
992 1264 1093 1305 viris
1125 1276 1248 1318 quam
1285 1265 1324 1304 in
1366 1263 1568 1304 foeminis,
1642 1257 1707 1300 Sic
1752 1260 1833 1311 igi-

566 1341 634 1370 tur
670 1330 699 1370 fi
737 1330 867 1370 maior
898 1338 1002 1369 aetas
1036 1339 1211 1382 ponatur
1246 1329 1286 1367 in
1342 1327 1529 1374 maritis,
1578 1323 1623 1362 hi
1681 1324 1833 1364 facilius

566 1406 606 1435 et
656 1395 777 1434 citius
825 1406 847 1432 e
895 1394 979 1433 vita
1030 1393 1226 1431 discedent
1268 1391 1466 1443 longeque
1509 1389 1643 1442 plures
1679 1388 1760 1441 post
1794 1388 1831 1427 se

568 1458 801 1511 relinquent
834 1457 993 1505 viduas,
1024 1468 1146 1508 quam
1182 1455 1297 1495 vidui
1331 1454 1440 1494 fiant.
1507 1454 1681 1493 Verebar
1716 1452 1831 1504 equi-

567 1525 686 1572 dem,
719 1533 767 1561 ne
804 1521 871 1560 ista
905 1522 1009 1560 inter
1042 1520 1187 1559 viduos
1221 1519 1441 1571 viduasque
1477 1516 1734 1567 inaequalitas
1768 1515 1833 1553 ni-

571 1586 708 1625 mium
744 1581 998 1624 difficultatis
1031 1593 1276 1634 argumento
1310 1583 1441 1622 nostro
1475 1581 1659 1624 inferrett,
1694 1588 1734 1617 at
1769 1579 1834 1618 iu·

571 1648 635 1687 vit
687 1647 766 1700 ipsa
820 1648 875 1685 rei
935 1654 1074 1685 natura
1110 1658 1178 1694 eo,
1207 1649 1314 1697 quod
1345 1644 1528 1697 aequatio
1560 1643 1832 1683 differentialis

574 1713 681 1751 inter
717 1721 795 1763 tres
829 1711 1154 1750 indeterminatas
1183 1722 1260 1749 non
1298 1709 1583 1762 separationem
1620 1708 1743 1746 niodo
1774 1706 1835 1746 sed

572 1785 611 1814 et
653 1777 999 1826 integrationem,
1051 1773 1182 1814 veluti
1233 1775 1332 1813 forte
1383 1775 1574 1819 fortuna,
1625 1771 1824 1810 admittat.

574 1838 762 1882 Similem
800 1838 918 1878 habui
954 1840 1155 1878 fortunam
1193 1838 1232 1875 in
1268 1837 1484 1890 specimine
1509 1868 1519 1884 ‚
1570 1836 1634 1874 cui
1690 1833 1836 1874 titulus

574 1904 627 1943 est
649 1934 660 1952 ‚
693 1902 793 1954 Effity
825 1897 938 1944 d’une
973 1902 1134 1943 nouvelle
1165 1901 1306 1955 analise
1338 1901 1384 1940 de
1415 1901 1451 1940 la
1481 1899 1672 1940 mortalit&
1711 1898 1836 1949 causc‘c

577 1975 648 2011 par
678 1966 713 2007 la
741 1968 862 2021 petite
894 1967 1022 2007 cerole
1062 1975 1132 2006 etc.
1186 1965 1504 2006 Commentariis
1559 1963 1680 2005 Acad.
1734 1964 1833 2016 Reg.

575 2030 725 2072 Scicnt.
761 2032 877 2071 Paris.
912 2030 958 2070 ad
990 2043 1144 2072 annum
1184 2035 1301 2079 1760
1355 2030 1500 2071 inserto
1522 2059 1534 2080 ,
1584 2029 1700 2068 cuius
1751 2026 1833 2064 iam

1717 2089 1833 2143 supra
