2008 2735
299 177 539 221 GENERE
582 177 664 220 EX
705 175 816 220 SEX
852 175 1030 219 LENT.
1063 175 1304 221 COMPOS.
1368 189 1456 216 221

181 293 394 350 qualitates
429 296 468 334 in
501 292 707 347 superficie
741 290 887 332 oblee'ti
926 289 1129 332 visionem
1163 291 1339 331 minime
1359 300 1451 332 tur-

180 362 289 402 blbu
295 371 339 400 lt
411 360 459 401 In
494 371 576 413 quo
609 370 690 398 non
727 349 873 398 dutum
907 355 970 396 his
1007 357 1289 410 microscopiis
1317 357 1452 396 maxi-

180 438 293 466 mun
331 426 609 478 praestantiam
646 434 740 477 prae
775 421 1013 474 vulgaribus
1044 422 1165 464 adfer
1173 423 1275 463 bere.
1361 422 1454 462 Hu-
1484 425 1571 463 T1.1b
1594 428 1661 466 111.

182 491 360 532 jusmodi
414 489 670 542 microlcopii
724 489 903 529 formam
937 488 1061 528 refert
1107 487 1243 539 figura
1274 487 1458 539 secunda,
1486 477 1564 529 rig.
1595 493 1628 520 2

179 556 247 597 vbi
277 557 388 596 binae
421 555 548 596 lentes
581 554 616 596 Β
650 562 691 594 et
726 552 762 596 C
797 552 935 595 multo
969 557 1061 594 funt
1115 566 1173 593 m
1180 564 1296 593 nores
1349 551 1460 593 lente

179 619 409 672 obiestiua,
458 619 664 675 fimulque
712 619 801 660 min
819 631 887 660 ma
936 629 1128 674 apertura
1178 618 1317 659 ambae
1369 619 1462 660 sunt

181 686 396 742 praeditae.

332 815 508 868 Infignis
541 828 642 868 ergo
676 814 744 856 hic
778 814 826 855 ab
858 813 1012 856 artifice
1046 813 1275 869 requiritur
1317 814 1464 857 soller-

182 882 236 922 tia
261 914 272 932 ,
323 892 371 923 vt
407 881 479 921 hae
512 882 635 922 lentes
670 880 916 922 exac‘tiffime
951 882 992 920 in
1027 892 1102 920 axe
1137 881 1359 935 debitisque
1395 881 1461 923 lo-

180 947 235 987 cis
269 946 557 997 collocentur,
601 957 651 985 ne
685 944 786 984 radii
824 956 894 996 per
926 943 1081 983 lentem
1116 944 1360 984 obiec‘tiuam
1394 945 1463 985 in-

181 1011 354 1053 tromiffi
386 1010 459 1050 has
494 1010 690 1049 minimas
722 1016 933 1061 aperturas
966 1008 1374 1060 praetergrediuntur.

328 1148 400 1186 29.
435 1134 676 1177 Plurimum
706 1144 850 1177 nutem
885 1136 1072 1178 intererit
1104 1134 1170 1177 hic
1215 1139 1262 1181 ab
1310 1138 1465 1182 artifice

179 1204 222 1245 in
256 1201 335 1242 hoc
368 1200 562 1243 elaborari
589 1233 600 1253 ‚
643 1210 693 1243 vt
723 1200 851 1242 lentes
885 1201 1106 1244 obieffiuas
1166 1204 1294 1245 modo
1343 1207 1463 1259 supra

179 1269 358 1308 indicato
389 1277 442 1304 ex
475 1266 576 1306 binis
610 1265 787 1308 lentibus
818 1279 958 1321 parare
1015 1267 1190 1310 addiscat
1211 1297 1222 1318 ‚
1278 1272 1462 1321 quando-

179 1332 346 1387 quidem
382 1328 459 1370 hoc
495 1331 618 1370 modo
647 1332 700 1372 ob
733 1331 1008 1373 confufionem
1043 1332 1343 1373 euanescentern
1365 1333 1463 1388 ipfis

181 1397 321 1438 multo
350 1396 552 1436 maiorem
585 1405 821 1449 aperturam
855 1397 1032 1437 tribuere
1065 1397 1195 1447 licet3
1237 1399 1343 1446 vnde
1376 1397 1461 1440 cla-

180 1463 310 1504 ritatis
344 1460 493 1511 gradus
526 1458 792 1500 vehementer
826 1461 1056 1512 augebitur.
1153 1461 1278 1502 Hunc
1313 1464 1355 1503 in
1407 1463 1460 1505 fi-

179 1539 275 1568 nem
315 1524 382 1566 hic
424 1526 623 1577 subiungo
673 1527 904 1580 sequentem
961 1524 1173 1578 tabulam,
1227 1538 1328 1579 quae
1382 1542 1462 1583 pro

180 1591 326 1647 quauis
358 1590 538 1632 distantia
573 1589 688 1633 focali
712 1600 741 1648 p
771 1589 1113 1647 compofitionem
1148 1591 1268 1632 lentis
1286 1592 1459 1638 obiciti-

178 1669 253 1700 vae
283 1655 468 1700 ostendit.

786 2184 825 2228 E
842 2195 863 2225 e
900 2197 925 2236 3
1299 2184 1338 2226 T
1341 2183 1456 2227 abula
