2008 2735
366 146 872 194 BAROMETRORVM
908 142 1277 202 DISQVISITIO.
1360 132 1447 194 {305

177 268 239 310 sed
274 268 363 308 solis
398 264 615 306 lucentibus
649 262 821 316 propria.
887 260 1159 301 Obseruatum
1195 270 1341 310 nempe
1375 258 1454 309 est,

181 334 209 375 si
249 346 372 386 prope
407 330 685 372 summitatem
720 327 938 367 barometri
982 324 1220 375 eiusmodi,
1269 321 1332 367 ζὲο
1384 334 1456 363 va-

179 411 334 448 cuam,
388 396 528 450 papyri
564 392 825 443 frustulum,
881 390 1052 444 gossypii
1106 387 1333 438 flocculus,
1385 397 1455 428 aut

180 463 267 503 leue
302 463 411 502 aliud
443 471 589 514 corpus
623 458 880 512 suspendatur
903 488 913 508 ,
965 465 1139 509 tumque
1172 456 1352 507 agitetur
1387 453 1458 494 ba-

183 539 414 569 rometrum
435 557 447 577 ‚
492 526 547 565 ita
583 535 629 564 vt
663 523 842 564 oscillarc
876 521 1044 575 incipiat
1078 520 1306 561 mercurius
1331 550 1342 570 ‚
1392 531 1458 558 re-

184 593 378 646 gulariter
410 591 635 631 admodum
659 620 669 640 ,
713 589 752 628 in
785 587 963 628 descensu
999 585 1221 636 mercurii,
1274 583 1460 625 accedere

180 670 347 711 corpor-‚1
384 655 478 698 haec
518 655 620 695 leuia
656 653 702 693 ad
738 653 883 693 tubum
909 684 918 699 ,
967 661 1008 692 et
1043 650 1089 691 ab
1139 652 1226 704 ipso
1275 648 1461 699 attrahi,

182 723 408 765 ascendente
445 734 542 762 vero
578 719 714 759 rursus
750 717 956 758 mercurio
989 716 1159 770 separari
1194 715 1242 755 ab
1272 714 1359 769 ipso
1380 746 1391 765 ‚
1421 722 1462 754 et

185 790 226 829 in
264 787 388 827 situm
427 787 607 840 priorem
642 784 804 824 reuerti.
906 781 1008 837 Quis
1043 793 1202 835 primus
1237 779 1286 820 sit
1339 779 1464 820 huius

184 852 457 906 experimenti
494 851 716 899 inuentor,
767 849 946 901 ignoro,
998 847 1158 899 primus
1209 858 1339 897 vero,
1389 844 1462 899 qui

185 928 385 972 quantum
423 915 501 956 scio
536 917 789 955 mentionem
843 913 928 951 eius
974 910 1139 961 publice
1186 909 1355 959 iniecit,
1410 909 1465 950 est

187 983 232 1023 H
243 981 561 1032 ambergerus
585 1008 595 1027 ‚
644 976 921 1016 Elementorum
971 971 1142 1027 Phyfices
1192 972 1288 1028 Cap.
1329 970 1388 1011 X.
1431 973 1465 1022 ξ.

182 1050 297 1094 576.
335 1042 464 1084 Schol.
498 1041 569 1093 qui
603 1051 703 1079 vero
734 1039 812 1079 loc.
849 1039 915 1079 cit.
961 1038 1016 1077 ita
1071 1036 1190 1079 verba
1241 1037 1334 1077 facit
1356 1068 1367 1088 ‚
1418 1046 1467 1079 vt

184 1116 406 1162 appareat,
440 1106 476 1146 se
509 1104 579 1146 sibi
616 1105 899 1145 inuentionem
936 1101 1060 1157 ipsius
1094 1115 1176 1143 non
1206 1104 1435 1145 attribuere.

340 1204 370 1252 ξ.
413 1212 450 1250 5.
488 1201 628 1242 Varias
671 1203 957 1254 excogitarunt
1008 1199 1171 1253 Physici
1222 1200 1468 1253 hypotheses

189 1280 265 1322 pro
300 1266 495 1306 reddenda
533 1265 913 1319 pliaenomenorum
947 1266 1118 1306 istorum
1162 1267 1329 1305 ratione.
1382 1266 1468 1306 Vix

188 1342 327 1372 autem
362 1341 452 1371 ante
486 1341 641 1369 annum
682 1341 819 1379 1733.
857 1333 950 1380 fuit,
982 1332 1045 1371 cui
1068 1332 1108 1371 in
1131 1341 1314 1371 mentem
1334 1329 1468 1370 venis-

188 1398 244 1439 set
269 1429 279 1448 ,
313 1395 385 1436 esse
422 1394 699 1449 phaenomena
736 1396 804 1435 ista
839 1395 1113 1436 electricitatis
1151 1396 1321 1436 effectus.
1358 1395 1467 1437 Post-

190 1474 311 1515 quam
364 1472 501 1500 autem
554 1459 706 1513 publici
760 1462 862 1500 iuris
912 1460 1011 1500 fieta
1057 1458 1178 1500 essent
1213 1459 1387 1501 Illussris
1418 1460 1468 1501 du

191 1527 274 1578 Fay
313 1534 352 1564 et
388 1526 565 1566 aliorum
602 1526 649 1565 de
682 1523 943 1566 clec'tricitate
978 1526 1141 1564 inuenta
1165 1556 1176 1574 ‚
1228 1525 1356 1578 aliqui
1391 1538 1471 1564 nu-

191 1603 349 1632 merare
382 1590 712 1631 barometrorum
750 1589 1170 1644 pliospliorescentiam
1206 1598 1325 1642 atque
1377 1590 1470 1629 vim

192 1656 450 1696 attraffiuam
474 1688 484 1706 ‚
522 1657 627 1696 inter
661 1654 940 1708 phaenomena
975 1653 1159 1695 electrica
1185 1685 1197 1704 ‚
1240 1667 1320 1696 non
1354 1654 1472 1694 dubi-

193 1730 339 1763 tarunt.
439 1720 606 1762 Dantur
656 1732 794 1762 autem
828 1730 868 1761 et
903 1717 1033 1760 adhuc
1060 1751 1071 1771 ‚
1106 1721 1176 1774 qui
1209 1730 1278 1759 aut
1311 1720 1474 1760 aliunde

195 1786 376 1826 deriuare
412 1785 687 1839 phaenomena
719 1787 788 1828 ista
823 1785 1018 1836 malunt,
1050 1794 1120 1825 aut
1155 1785 1201 1825 de
1235 1794 1330 1825 ortu
1366 1784 1473 1837 ipso-

198 1863 294 1892 rum
331 1851 553 1904 ambigunt.

350 1940 379 1987 (5,
435 1944 477 1980 6.
531 1941 777 1998 Quanquam
832 1940 1032 1994 persuasus
1085 1939 1242 1993 semper
1290 1939 1475 1992 fuerim,

196 2005 399 2059 pertinere
452 2005 729 2058 'phaenomena
776 2000 875 2046 'haec
927 2007 1032 2045 inter
1083 2003 1264 2045 elec‘trita
1288 2037 1299 2057 ,
1349 2017 1475 2046 nouas

196 2081 331 2110 tamen
364 2071 467 2109 circa
504 2071 582 2124 ipsa
617 2072 822 2112 instituere
856 2069 1152 2125 disquisitiones
1193 2070 1235 2111 in
1289 2082 1473 2111 mentem

261 2135 386 2176 Tom.
400 2135 500 2177 XlI.
517 2134 629 2178 Nou.
640 2134 806 2177 Comm.
1005 2134 1090 2191 Qq
1318 2135 1472 2177 induxi.
