2008 2735
477 153 725 198 CALORIS
787 152 1238 198 COMMVNICATI.
1409 167 1495 206 :301

224 284 323 322 aqua
358 269 553 312 bulliente
574 301 586 322 ‚
618 269 779 323 quando
814 268 985 309 fundum
1020 267 1122 309 vasis
1155 268 1377 322 attingebat
1400 300 1411 320 ,
1461 279 1503 311 et

225 340 383 392 quando
439 350 547 387 non3
595 345 637 374 et
690 335 827 389 prouti
864 336 993 375 maior
1024 344 1065 375 et
1103 336 1240 375 minor
1277 334 1500 389 superficiei

224 404 406 444 internae
437 413 525 455 pars
558 400 777 451 attingitur
799 431 810 451 ‚
852 399 991 453 paullo
1024 401 1156 441 maior
1187 410 1229 442 et
1262 401 1400 441 minor
1432 413 1500 441 ca-

221 469 284 510 lor
315 467 514 508 obseruari
549 465 646 507 solet
680 465 721 506 in
763 477 864 519 aqua
916 464 1114 507 bullen-,te
1143 496 1154 515 ‚
1207 465 1247 507 id
1298 467 1406 520 quod
1459 474 1500 506 et

221 532 311 575 aliis
340 532 632 586 experimentis
664 530 797 573 adhuc
829 531 1066 574 confirmari
1103 530 1229 586 posset
1257 559 1271 582 ‚
1337 529 1368 572 fi
1398 543 1500 585 opus

219 600 437 641 videretur.

368 662 593 718 Quomodo
615 692 626 713 ‚
677 670 719 703 et
774 675 852 716 qua
885 659 1090 703 occasione
1124 661 1171 703 ad
1205 659 1302 702 haec
1332 662 1497 717 experi-

215 734 351 767 menta
373 758 384 778 ‚
416 738 456 769 et
487 727 819 768 considerationes
853 737 993 769 motus
1026 736 1067 767 et
1102 727 1291 769 incitatus
1324 728 1499 778 fucrim‚

217 793 392 832 indicaui
431 794 513 833 iam
549 793 679 846 supra.
746 792 841 833 lure
875 793 1105 846 meritoque
1141 793 1270 846 igitur
1303 794 1498 834 omnium

215 856 596 909 pliaenomenorum
631 857 927 899 recensitorum
962 858 1219 898 inuentorem
1257 857 1395 899 haberi
1431 869 1498 899 me

214 920 322 975 poffe
355 933 398 964 et
431 923 568 964 debere
603 923 795 963 iudicaui-
861 921 974 962 Nam
1009 920 1164 960 nullius
1194 922 1498 975 phaenomcno-

215 997 312 1026 rum
349 986 641 1027 recensitorum
678 985 931 1027 mentionem
968 984 1147 1037 reperire
1181 987 1335 1039 potui,
1375 986 1498 1028 donec

214 1051 376 1090 tandem
411 1059 681 1104 compertum
714 1050 768 1090 est
798 1050 901 1090 forte
919 1051 1082 1091 fortuna
1106 1082 1116 1102 ‚
1149 1049 1331 1092 Olauum
1349 1049 1497 1093 Borri-

210 1112 356 1154 chium
386 1116 508 1156 vuius
529 1113 911 1170 phaenomenorum
931 1114 1139 1159 diftorum
1167 1116 1294 1158 feciffe
1317 1117 1496 1158 mentio-

211 1191 307 1219 nem
329 1209 340 1228 ,
376 1180 528 1221 scilicet
558 1192 683 1235 aquae
717 1193 799 1221 non
834 1180 1038 1222 bullientis
1075 1182 1116 1221 in
1151 1194 1256 1236 aqua
1281 1180 1492 1226 bulliente.

209 1242 385 1284 Inseruit
416 1244 530 1283 enim
558 1244 600 1284 in
618 1245 808 1298 primum
830 1245 1030 1287 volumen
1051 1245 1259 1287 Actorum
1281 1248 1495 1288 Haunien-

210 1306 318 1348 slum
354 1306 670 1348 diss‘ertationem
697 1338 711 1360 ,
740 1310 857 1348 cuius
887 1310 1064 1352 titulus:
1115 1313 1237 1366 Aqua
1273 1311 1315 1352 in
1357 1302 1494 1354 medio

209 1384 332 1426 aquae
364 1372 593 1414 ebullientis
615 1405 628 1424 ,
660 1386 742 1413 non
774 1373 981 1415 ebulliens,
1081 1375 1376 1430 Cupidiffimus
1410 1377 1494 1430 igi-

209 1447 279 1478 tur
315 1437 439 1477 factus
473 1439 563 1478 sum
616 1437 831 1479 euoluendi
884 1439 984 1481 hanc
1035 1439 1390 1494 dissertationem,
1442 1453 1490 1484 vt

206 1503 473 1556 perspicerem
527 1503 568 1544 in
622 1516 707 1557 quo
757 1517 852 1545 cum
907 1503 1175 1547 celeberrimo
1223 1508 1318 1547 viro
1382 1506 1489 1549 mihi

204 1568 472 1618 conueniret,
528 1568 569 1607 in
623 1581 707 1623 quo
759 1582 853 1609 non.
948 1569 1022 1611 Sed
1077 1570 1183 1626 proh
1231 1571 1350 1612 dolor
1385 1572 1490 1612 Ac'ta

206 1632 449 1674 Haunieniia
485 1644 610 1686 neque
646 1635 687 1674 in
731 1633 903 1688 publicis
937 1647 1065 1689 neque
1100 1637 1141 1677 in
1186 1636 1358 1691 priuatis
1412 1636 1487 1679 Bi-

206 1697 421 1741 bliothecis
457 1699 623 1740 nancisci
660 1701 813 1754 potui,
863 1700 972 1754 quod
1024 1702 1200 1743 omnino
1251 1702 1485 1744 mirandum

206 1762 338 1804 videri
374 1763 535 1819 potest,
584 1765 645 1806 sed
682 1764 811 1818 magis
861 1763 991 1808 adhuc
1047 1766 1150 1808 mihi
1194 1768 1486 1807 admirandum

206 1827 371 1869 videtur
393 1859 405 1877 ‚
453 1827 576 1869 huius
619 1828 888 1884 phaenomeni
921 1831 1095 1872 omnino
1132 1832 1321 1883 paradoxi
1359 1832 1400 1872 in
1432 1832 1486 1873 li·-

206 1891 286 1933 bris
322 1891 497 1946 physicis
532 1896 754 1936 crebiorcm
809 1909 889 1936 non
943 1895 1053 1936 fuiss‘e
1104 1896 1249 1936 filei-„im
1302 1898 1483 1938 mentio-

207 1968 316 1997 nem.
398 1957 446 1998 ln
485 1956 658 2001 Chemia
693 1961 805 2002 enim
842 1960 1061 2002 Neumanm·
1092 1961 1282 2001 editionis
1317 1962 1484 2003 nouiffi·

206 2033 295 2062 mac
328 2021 460 2063 obiter
494 2030 656 2065 tantum
691 2026 875 2065 iniicitur
908 2023 1030 2063 huius
1065 2024 1335 2076 phaenomeni
1356 2039 1481 2081 aquae

205 2086 248 2127 in
283 2087 415 2129 media
447 2099 548 2143 aqua
580 2089 796 2131 ebulliente
817 2121 828 2138 ‚
863 2101 943 2129 non
978 2088 1217 2133 ebullientis.
1305 2091 1371 2135 Sic
1407 2104 1481 2133 ve-

811 2154 840 2195 P
862 2166 890 2209 p
927 2165 951 2203 3
1396 2166 1478 2199 tera
