2008 2735
521 186 613 234 428
807 175 905 221 DE
972 177 1529 226 FORMATIONE

518 307 563 336 ea
597 293 751 335 ratione
802 293 1073 349 intercipere,
1123 296 1184 340 scd
1237 306 1372 339 totum
1425 298 1546 340 s1mul
1602 298 1795 343 vitellum

521 358 861 414 comprehendere
893 360 1014 401 debet.

667 457 700 505 ξ.
736 467 810 504 3ο.
848 454 966 497 Num
1001 466 1139 497 autem
1175 459 1389 512 contiguae
1426 457 1495 500 sibi
1531 459 1608 501 sint
1642 465 1802 514 prorius

522 519 597 562 hae
631 521 887 561 membranae
923 521 964 561 in
1007 521 1136 563 areola
1187 524 1386 577 pellucida
1411 554 1422 576 ‚
1473 524 1566 566 licet
1618 525 1768 569 solutae
1791 558 1802 579 ‚

523 599 571 626 an
606 587 743 640 potius
778 585 997 640 paululum
1033 588 1173 628 distent
1195 620 1206 640 ,
1259 590 1563 645 humoremque
1621 590 1802 644 aliquem

524 650 796 692 exhalabilcm
832 652 1096 704 contineant,
1137 656 1307 707 proprio
1340 656 1626 709 experimento
1656 656 1802 697 defiui-

524 728 568 756 re
599 729 678 757 non
715 714 882 770 possum.
987 716 1162 759 Interim
1196 719 1418 760 admodum
1472 720 1676 775 probabile
1717 721 1802 771 est,

528 782 662 835 aliqua
697 791 834 822 tamen
857 814 868 834 ‚
903 782 1060 823 etiamsi
1094 794 1217 836 quam
1255 785 1428 825 minima
1463 787 1565 826 forte
1598 787 1803 837 distantia,

529 859 548 886 a
581 847 618 887 se
649 847 828 888 inuicem
865 857 1041 888 remotas
1075 858 1137 887 eas
1172 850 1297 890 teneri
1325 878 1335 899 ‚
1383 860 1421 889 et
1457 849 1695 891 huiuzsmodi
1729 849 1808 890 hu-

529 923 689 952 morem
725 912 796 964 qui
838 913 1037 952 continuo
1075 910 1271 965 exhalet,
1321 914 1481 968 citoque
1533 915 1776 956 resorbentur
1798 946 1809 966 ,

531 975 636 1015 inter
667 976 702 1014 se
735 975 901 1024 souere;
951 977 1051 1015 dum
1103 974 1284 1030 alioquin
1337 979 1665 1030 concrescerent,
1722 993 1809 1022 ma-

533 1038 760 1090 teriamque
827 1037 958 1077 albam
1003 1038 1072 1077 sibi
1125 1040 1465 1093 interponerent,
1515 1046 1621 1094 quod
1676 1054 1808 1085 tamen

534 1102 583 1142 ad
634 1102 742 1142 diem
799 1100 983 1142 medium
1038 1110 1274 1156 quartum,
1333 1116 1414 1157 quo
1468 1116 1593 1158 vsque
1644 1107 1809 1159 existit,

537 1178 618 1206 non
655 1165 715 1206 fit.

327 1272 402 1310 Qua
420 1268 514 1302 ratio-
685 1262 719 1310 §.
760 1273 828 1310 13.
881 1263 993 1303 Patet
1045 1261 1137 1303 hinc
1192 1262 1311 1303 simul
1368 1274 1445 1315 qua
1491 1263 1648 1302 ratione
1681 1264 1810 1305 areola

324 1333 369 1356 1¹0
392 1321 515 1353 0¹4³th
538 1325 784 1379 producatur
818 1337 858 1367 et
892 1327 961 1367 suo
997 1336 1184 1380 tempore
1218 1330 1368 1367 iterum
1406 1326 1598 1380 dispareat·
1622 1358 1632 1376 ,
1680 1330 1810 1380 quin,

327 1369 513 1459 {fnz‘gsssfoffm
535 1390 746 1443 quomodo
778 1401 818 1431 et
851 1403 925 1432 cur
961 1390 1138 1442 figuram
1174 1391 1378 1433 successiue
1414 1401 1548 1433 mutet
1591 1391 1720 1432 areola
1771 1403 1810 1433 et

328 1474 376 1506 nis
407 1460 513 1506 iniite-
534 1455 905 1496 circumferentiam
953 1456 1188 1507 embryonis
1238 1456 1501 1506 aemuletur,
1555 1457 1811 1498 manifestum

326 1530 389 1557 tur·
537 1521 602 1562 est.
671 1519 963 1562 Crassiusculus
997 1521 1169 1573 embryo
1203 1522 1304 1562 dum
1342 1520 1587 1562 membranis
1630 1523 1810 1577 rtrisque

539 1584 801 1638 interpositus
836 1584 1002 1634 haeret3
1073 1585 1160 1626 fieri
1197 1600 1274 1627 non
1312 1587 1438 1641 potest
1466 1616 1476 1637 ‚
1518 1585 1618 1639 quin
1653 1598 1715 1626 eas
1749 1589 1811 1629 di—

538 1648 677 1703 spellat
713 1662 733 1690 a
768 1649 803 1690 se
839 1651 1018 1690 inuicem
1053 1650 1267 1703 paululum
1292 1683 1301 1701 ‚
1335 1651 1536 1704 solumque
1568 1652 1614 1690 ad
1647 1663 1812 1693 certum

540 1714 706 1768 aliquod
742 1715 848 1755 circa
886 1716 921 1756 se
953 1716 1140 1768 spatium.
1239 1716 1397 1758 Deinde
1445 1728 1603 1769 quoque
1653 1728 1813 1757 certum

541 1779 595 1819 est
616 1811 626 1830 ,
661 1780 709 1820 ad
744 1778 885 1821 locum
919 1779 1188 1832 embryonis,
1243 1782 1376 1836 aliqua
1411 1780 1491 1822 fine
1525 1780 1646 1821 dubio
1679 1781 1815 1822 irrita-

544 1844 665 1884 tionis
700 1844 824 1897 specie
846 1876 857 1896 ‚
891 1843 1087 1887 humores
1122 1848 1252 1898 magis
1285 1859 1406 1901 quam
1443 1845 1556 1886 vllibi
1592 1847 1815 1897 concitari,

543 1908 612 1960 qui
666 1906 902 1951 humectent
954 1911 1152 1951 continuo
1204 1911 1274 1952 has
1307 1913 1494 1964 separatas
1532 1910 1817 1963 membranam,

544 1973 611 2011 vel
647 1982 686 2012 ct
720 1974 1003 2027 colligantur,
1038 1975 1207 2030 illasque
1240 1989 1259 2017 a
1295 1978 1331 2018 se
1367 1976 1541 2016 inuicem
1573 1973 1719 2016 solutas
1755 1987 1816 2016 te-

545 2046 664 2076 neant
687 2067 698 2085 ‚
737 2038 1038 2094 impediuntque
1061 2071 1071 2090 ‚
1113 2053 1190 2095 quo
1226 2041 1362 2081 minus
1393 2040 1651 2082 concrescant.
1710 2042 1813 2081 Hinc

544 2112 647 2153 ergo
677 2101 877 2146 eiusmodi
910 2106 1083 2160 spatium
1118 2107 1160 2149 in
1194 2119 1282 2148 arca
1317 2105 1509 2148 vasculoi‘a
1543 2118 1668 2161 prope
1722 2117 1813 2143 cm-

1685 2167 1812 2219 bryo-
