2008 2735
364 187 1186 236 INTESTINORVM.
1315 206 1406 243 479

139 305 302 349 dorsalis
337 303 485 346 sursum
523 303 710 346 voluitur
732 336 743 356 ,
786 304 876 348 inde
911 305 950 345 in
989 316 1120 346 arcam
1159 304 1378 346 reflectitur
1403 337 1412 355 ,

139 381 178 412 et
214 370 389 413 similem
427 369 577 425 plicam
620 370 907 414 semilunarem
931 400 941 420 ,
985 370 1193 425 'superiori
1248 369 1413 425 opposi-

140 447 224 490 tam
246 463 258 488 ,
291 436 493 490 producit.

287 504 319 552 §.
361 507 429 549 87.
461 499 504 542 Si
537 501 666 554 igitur
698 509 789 541 ante
823 501 934 543 diem
973 497 1048 542 111.
1087 496 1255 541 finitum
1279 512 1415 545 mem-
1438 496 1584 556 Superst-

138 565 256 607 brana
288 575 397 608 areae
448 565 627 622 superior
680 567 726 607 ab
776 567 965 607 inferiore
1016 566 1282 616 detrahitur,
1334 565 1415 619 post
1438 551 1626 624 cjffsslfi¹i³⁰j

140 632 248 672 hunc
281 634 392 672 enirn
425 631 533 672 diem
569 631 736 672 finitum
774 632 958 684 superior
995 631 1175 674 inferiori
1209 641 1249 670 ct
1278 632 1415 670 amnio
1439 611 1599 685 &xlx-[0²2⁰

138 696 308 751 proprio
341 697 574 748 embryonis
608 697 705 737 adeo
740 694 916 737 firmiter
967 695 1184 746 ailmeret,
1238 704 1283 735 x‘t
1337 707 1416 734 non
1441 700 1628 749 descriptio.

136 761 248 803 facile
280 761 449 815 separari
485 761 630 814 postit3
675 768 761 801 tum
795 762 834 801 in
869 760 1078 816 iupcrficie
1113 760 1308 815 supzriori
1344 758 1421 799 hu-

141 828 317 867 iusmodi
368 828 624 868 membranae
679 825 877 867 inferioris
925 827 1109 868 conditio
1160 826 1226 866 est.
1328 824 1417 865 Pars

140 891 272 944 spinae
319 891 484 931 dorsalis
533 891 701 935 dimidia
754 891 919 932 inferior
973 892 1076 931 nuda
1117 899 1283 945 apparet
1317 901 1414 930 cum

141 966 262 1009 caput
292 965 332 996 et
365 954 510 996 thorax
546 958 714 1006 vaginae
748 956 888 1009 capitis
911 984 922 1004 ,
962 965 1003 995 et
1033 967 1137 1007 apex
1169 954 1317 995 caudae
1353 955 1418 992 in-

140 1019 314 1061 volucro
348 1021 417 1059 suo
452 1019 553 1058 tec'ta
590 1019 680 1058 sint.
746 1019 794 1059 In
829 1018 972 1058 infima
1007 1020 1171 1070 regione
1213 1017 1385 1057 thoracis
1409 1048 1419 1066 ,

139 1086 276 1124 foueae
310 1080 506 1122 cardiacae
542 1081 750 1135 opposita,
787 1081 891 1136 plica
929 1081 1180 1123 semilunaris
1239 1083 1419 1134 {uperior

140 1148 194 1188 cst
216 1178 227 1198 ,
284 1159 385 1201 quae
439 1156 538 1187 vero
572 1147 636 1190 die
670 1147 751 1189 Ill.
796 1155 980 1188 vertente
1014 1145 1321 1187 semicircula‘ris
1355 1145 1416 1186 est.

142 1212 247 1253 Haec
301 1208 404 1263 plica
458 1212 660 1250 terminus
713 1211 881 1261 vaginae
928 1210 1068 1263 capitis
1103 1210 1298 1263 posterior
1331 1209 1420 1258 est,

143 1287 238 1317 cum
273 1274 452 1314 anterior
486 1274 574 1314 eius
606 1271 698 1314 finis
732 1275 778 1314 ad
813 1275 974 1315 foueam
1006 1274 1228 1315 cardiacam
1266 1282 1419 1329 ponenss

143 1342 218 1383 dus
251 1339 330 1389 sit;
381 1349 433 1378 ex
466 1351 511 1380 ea
547 1337 650 1391 plica
681 1339 792 1378 enim
828 1339 1062 1379 membrana
1096 1338 1264 1380 inferior
1313 1337 1420 1379 rena

145 1406 186 1445 in
222 1415 356 1445 aream
388 1401 636 1457 pellucidam
667 1403 890 1444 continuat.
994 1403 1199 1457 Vtrimque
1233 1402 1279 1443 ad
1335 1402 1422 1455 spi-

146 1480 243 1510 nam
272 1467 468 1510 dorsalem
506 1469 656 1509 nudam
692 1469 817 1522 plicae
861 1466 1044 1509 laterales
1095 1467 1245 1522 positae
1300 1467 1389 1507 sunt
1411 1496 1422 1517 ‚

147 1544 248 1587 quae
297 1545 394 1585 ergo
442 1533 583 1574 eadem
635 1533 791 1575 ratione
845 1534 1014 1575 termini
1072 1534 1252 1586 partium
1291 1530 1421 1572 bullae

146 1595 376 1640 lateralium
412 1597 652 1651 posteriores
685 1598 776 1640 sunt
796 1630 807 1650 ‚
848 1611 871 1638 a
905 1597 1050 1651 quibus
1084 1598 1315 1639 membrana
1374 1599 1421 1639 ad

146 1675 279 1705 aream
318 1663 561 1718 pellucidam
609 1665 808 1719 pertinere
850 1661 1028 1715 incipit,
1076 1674 1179 1716 quae
1234 1659 1423 1701 haetenus

146 1727 299 1768 bullam
332 1728 604 1771 constituerat.
676 1729 789 1770 Finis
825 1728 1007 1781 partium
1044 1724 1276 1767 lateralium
1309 1735 1423 1765 ante-

150 1794 236 1833 rior
273 1793 313 1832 in
346 1794 483 1835 sutura
516 1792 578 1835 est.
647 1789 836 1846 Denique
871 1793 916 1832 ad
950 1791 1107 1843 apicem
1131 1791 1277 1831 caudae
1300 1801 1425 1841 quar-

155 1868 192 1897 ta
228 1854 329 1910 plica
362 1859 414 1900 est
447 1860 613 1901 inferior
633 1889 645 1909 ,
696 1868 792 1911 quae
825 1855 1025 1897 terminus
1062 1854 1255 1907 posterior
1303 1852 1423 1892 inuo-

151 1920 260 1962 lucri
291 1919 430 1963 caudae
451 1957 462 1977 ‚
493 1925 608 1964 cuius
641 1921 819 1963 anterior
853 1919 945 1960 finis
980 1921 1021 1959 in
1056 1917 1213 1959 foueola
1258 1917 1424 1957 inferio-

153 1988 200 2029 ri.
268 1985 333 2027 Ex
368 1985 430 2028 his
460 1989 575 2044 plicis
608 1998 707 2041 ergo
740 1997 841 2040 quae
876 1985 1050 2038 spatium
1085 1982 1310 2036 oblongum
1358 1982 1422 2021 in-

155 2048 378 2106 tercipiunt
399 2083 411 2104 ,
463 2054 504 2093 in
546 2065 629 2108 quo
659 2051 829 2094 dimidia
863 2050 1030 2091 inferior
1063 2060 1154 2102 pars
1185 2047 1424 2096 embryonis

154 2116 259 2156 nuda
291 2118 558 2172 continetur,
603 2116 736 2158 bullae
771 2114 1004 2157 membrana
1038 2113 1080 2153 in
1114 2112 1323 2168 superficie
1362 2111 1424 2150 su-

1318 2188 1427 2230 ptri*
