2008 2735
554 188 645 236 336
768 180 1035 226 EXAMEN
1069 183 1284 228 THEOR.
1320 182 1592 231 MAGNET.

552 297 590 336 in
644 297 814 339 Teutam.
871 295 1009 338 Theor.
1061 297 1207 340 EleHr.
1259 310 1299 342 et
1352 300 1535 355 Magnas.
1586 314 1675 358 pag.
1714 319 1817 348 222.

553 374 656 410 223.
757 362 930 402 Videtur
982 361 1089 402 mihi
1138 365 1312 418 exinde,
1364 365 1562 408 Celeberr.
1617 368 1817 421 Mayerum

549 426 700 467 sortaffe
751 439 829 467 non
881 425 955 467 nisi
1008 439 1213 480 magnetes
1263 429 1492 472 artificiales
1547 434 1819 487 examinasse,

547 503 722 544 cumque
756 490 797 530 in
833 491 881 530 iis
912 491 1096 545 regulam
1130 491 1243 534 suam
1277 498 1432 550 semper
1477 496 1619 538 locum
1675 497 1818 540 habere

544 555 803 606 obseruaret,
855 568 907 596 ex
957 557 1250 599 inaduertentia
1300 563 1508 614 quadam,
1557 563 1684 619 ipsam
1729 573 1818 604 tan-

543 632 667 674 quam
702 621 936 673 generalem
972 623 1142 665 statuere
1174 635 1256 665 non
1290 625 1492 667 dubitasse.

930 787 958 834 s
990 791 1027 833 E
1065 789 1101 834 C
1133 792 1171 833 T
1205 792 1228 835 1
1262 794 1302 836 o
1367 791 1426 836 11.

548 877 648 940 De
695 882 830 944 scala
874 884 1266 947 intenfitatum
1309 889 1393 948 vis
1438 887 1816 969 magneticae.

697 1022 923 1066 Ordiamur
962 1024 1257 1079 disquisitiones
1299 1026 1448 1066 nostras
1470 1058 1481 1078 ,
1528 1040 1549 1067 a
1583 1027 1711 1078 virgis
1747 1035 1818 1077 Ρα-

547 1084 839 1140 rallelipipedis
873 1088 1069 1130 methodo
1101 1089 1274 1141 duplicis
1331 1090 1537 1128 contaetus
1585 1088 1820 1139 magnetifi-

546 1152 653 1192 catis.
739 1152 1011 1194 Ass'umantur
1046 1154 1185 1205 virgae
1218 1156 1363 1195 ferreae
1395 1153 1648 1193 diuersarum
1682 1151 1820 1203 longi-

547 1216 775 1266 tudinum,
827 1226 867 1256 et
899 1218 1003 1257 dista
1052 1219 1205 1257 ratione
1259 1217 1646 1266 magnetificentur‚
1697 1225 1818 1268 atque

544 1279 758 1319 constantis
788 1281 842 1321 est
875 1282 1148 1335 experientiae
1171 1310 1182 1329 ‚
1234 1279 1497 1321 solummodo
1538 1279 1672 1328 virgas
1727 1290 1819 1318 mo·

543 1343 630 1383 dice
664 1342 804 1396 longas
837 1356 886 1385 co
921 1346 1056 1387 reduci
1094 1343 1199 1398 posse
1223 1374 1235 1394 ,
1280 1351 1328 1382 vt
1378 1343 1490 1383 binos
1543 1341 1819 1382 nanciscantur

543 1406 660 1462 polos
681 1438 694 1459 ‚
734 1408 905 1463 reliquas
926 1441 937 1460 ,
979 1422 1028 1450 eo
1062 1409 1260 1450 maiorem
1296 1408 1542 1460 punctorum
1576 1408 1818 1460 consequen-

543 1473 651 1512 tium
674 1503 686 1522 ,
722 1473 803 1514 fiue
838 1473 1033 1528 polorum
1069 1473 1228 1514 alterno
1261 1472 1401 1515 ordine
1437 1475 1472 1513 se
1513 1471 1813 1524 excipientium

542 1537 704 1589 adipisci
740 1550 962 1578 numerum
985 1570 998 1590 ,
1040 1550 1123 1590 quo
1158 1538 1260 1592 ipsae
1296 1537 1497 1590 longiores
1532 1537 1634 1577 sunt.
1711 1537 1817 1577 Eui-

543 1600 638 1641 dens
671 1599 765 1641 hinc
800 1603 988 1654 primum
1023 1602 1099 1653 est,
1135 1600 1163 1640 s1
1199 1603 1381 1643 infinitae
1415 1600 1676 1654 longitudinis
1711 1601 1815 1655 pris-

544 1677 612 1705 ma
648 1666 940 1718 magnetificari
984 1666 1198 1719 fingatur,
1251 1667 1433 1708 infinitos
1484 1666 1559 1707 hoc
1608 1667 1813 1717 acquirere

541 1730 681 1772 debere
711 1731 826 1786 polos
849 1763 859 1782 ,
893 1733 1050 1773 alterno
1081 1732 1224 1774 ordine
1259 1732 1329 1773 sibi
1365 1732 1616 1773 succedentes.
1702 1729 1813 1771 Cum

541 1805 641 1845 ergo
686 1797 877 1850 quemuis
924 1796 1068 1852 polum
1120 1796 1505 1849 septentrionalem,
1553 1796 1598 1836 ab
1649 1794 1812 1836 australi

541 1859 768 1902 succedente
819 1862 1068 1903 discriminet
1122 1863 1322 1916 peculiare
1375 1862 1577 1915 quoddam
1621 1871 1810 1900 centrum

543 1926 819 1975 magneticum
844 1959 854 1978 ‚
905 1937 1026 1981 atque
1068 1927 1188 1967 scalae
1223 1925 1495 1967 intensitatum
1531 1925 1735 1967 ordinatae
1769 1926 1809 1965 in

542 1998 684 2028 centro
718 1992 945 2043 magnetico
979 1996 1134 2045 semper
1169 1992 1395 2033 euanescere
1427 1992 1590 2031 debeant
1614 2023 1625 2042 ,
1659 1989 1809 2041 oppido

543 2050 695 2104 liqueat
718 2085 730 2105 ,
765 2055 846 2096 fore
883 2057 922 2097 in
957 2058 1073 2116 virga
1110 2055 1291 2096 infinitae
1328 2056 1594 2109 longitudinis
1617 2085 1628 2106 ‚
1663 2054 1804 2093 scalam

542 2114 820 2160 intensitatum
847 2151 858 2172 ,
912 2121 1035 2163 talem
1071 2133 1242 2162 curuam
1265 2154 1277 2175 ,
1330 2133 1430 2176 quae
1465 2132 1580 2162 axem
1637 2116 1807 2156 infinitis

1651 2180 1807 2222 vicibus
