2008 2735
402 169 1230 216 INTESTINORVM.
1354 184 1444 224 405

181 286 253 327 nifi
324 286 677 339 congregationem
743 284 930 339 plurium
986 284 1180 328 foliorum
1234 287 1445 326 minorum

177 361 218 390 et
253 351 616 405 imperfectiorum.
700 350 915 404 Pleraeque
938 382 948 401 ‚
1002 362 1102 406 quae
1138 348 1302 390 floribus
1333 363 1452 391 com-

175 415 313 468 positis
347 415 460 455 distis
494 416 704 466 gaudent,
758 413 915 467 plantae
949 427 1102 456 annuae
1139 415 1177 455 id
1214 416 1326 457 facile
1379 416 1451 456 de-

177 480 429 531 monstrant,
463 481 523 519 vbi
563 480 695 520 videas
727 478 822 519 folia
853 510 863 529 ,
897 492 974 532 quo
1008 483 1214 534 superiora
1251 482 1291 520 in
1329 492 1450 522 trun·

177 557 224 585 co
260 545 335 585 sint
357 574 367 593 ,
418 556 466 586 co
499 543 658 585 minora
687 552 730 585 et
768 545 1067 598 imperfectiora
1093 575 1103 594 ‚
1154 557 1282 598 coque
1329 547 1449 599 copio

176 609 274 650 fro-ra
309 607 455 662 sibique
491 611 687 650 viciniora
724 609 933 650 successiue
967 610 1133 650 euadere
1155 641 1166 660 ‚
1200 610 1324 650 donec
1360 620 1451 649 tan-

173 674 288 724 dem,
322 685 424 726 quae
462 675 502 714 in
537 678 702 715 summo
737 673 827 715 loco
866 675 1056 728 proxime
1095 675 1163 715 sub
1198 674 1296 715 flore
1332 683 1448 714 trun-

173 752 220 780 co
260 738 436 779 adsident
459 770 470 788 ‚
510 740 685 780 minima
719 738 832 779 denfiz
867 738 1204 791 conglomerata,
1252 741 1349 793 ipsas
1381 752 1449 779 ca·-

170 803 276 855 lycis
313 802 473 843 lacinias
506 803 628 843 diet-‘15
664 803 875 854 referunt,
909 816 1127 857 omnesque
1162 802 1283 844 simul
1336 807 1450 844 sum·

174 878 236 908 tae
271 867 450 919 calycem
488 868 619 920 ipsum
671 869 933 908 constituunt.
1033 870 1313 922 Pericarpium
1367 880 1447 908 non

174 933 310 972 minus
342 933 546 973 euidenter
576 944 627 972 ex
663 933 768 971 veris
802 933 907 972 soliis
941 934 1236 985 componitur,
1279 945 1323 972 ea
1359 941 1447 971 tan-

174 1007 263 1037 tum
300 996 556 1044 differentia,
613 1004 659 1032 vt
694 1006 789 1046 quae
824 996 864 1034 in
901 994 1038 1045 calyce
1072 995 1314 1048 simpliciter
1347 1008 1448 1034 con·-

171 1059 330 1110 grcgari
364 1059 490 1098 solent
513 1088 523 1106 ‚
576 1055 668 1096 folia
693 1087 703 1106 ‚
755 1057 796 1096 in
835 1059 1062 1111 pericarpio
1097 1071 1193 1100 vere
1238 1056 1447 1109 congluti-

168 1134 326 1163 nentur.
394 1123 467 1164 Rei
505 1121 718 1161 veritatem
753 1122 1028 1164 demonstrant
1061 1123 1243 1178 capsulae
1277 1125 1448 1165 {emina-

172 1185 228 1226 les
265 1199 343 1228 non
381 1187 504 1227 modo
538 1186 750 1226 variarum
788 1187 1021 1240 plantarum
1051 1217 1063 1237 ‚
1114 1191 1212 1230 dum
1249 1189 1448 1230 dissiliunt

167 1260 209 1289 et
244 1252 285 1290 in
319 1249 415 1290 folia
437 1280 448 1299 ,
502 1258 691 1302 tanquam
728 1262 857 1304 partes
883 1253 974 1293 suas
995 1284 1006 1304 ,
1057 1264 1109 1292 ex
1143 1254 1288 1307 quibus
1330 1265 1449 1293 com·

171 1314 453 1369 ponebantur,
507 1313 645 1366 sponte
681 1316 716 1354 se
749 1314 983 1369 resoluunt,
1026 1317 1087 1357 sed
1126 1330 1234 1359 niera
1271 1319 1446 1370 pericar-

169 1380 338 1433 piorum
369 1377 633 1420 consideratio
666 1389 707 1419 et
739 1391 932 1422 externus
985 1380 1145 1421 habitus
1199 1383 1305 1423 idem
1359 1384 1444 1424 iam

168 1444 258 1485 satis
290 1445 441 1484 docent.
511 1442 701 1496 Denique
738 1444 910 1498 semina,
943 1447 1130 1499 quamuis
1165 1449 1300 1500 primo
1334 1448 1444 1500 aspe-

168 1509 236 1549 ctu
271 1518 361 1549 toto
395 1506 507 1550 caelo
541 1520 561 1548 a
597 1507 700 1549 foliis
734 1509 894 1550 differre
932 1511 1147 1550 videantur
1170 1542 1180 1561 ,
1233 1523 1328 1551 vera
1382 1521 1443 1551 ta-

167 1586 261 1615 men
298 1573 441 1615 itidem
477 1569 571 1613 folia
601 1573 876 1626 conglutinata
912 1574 1031 1625 sunt;
1082 1573 1164 1615 lobi
1219 1575 1329 1615 enim
1384 1576 1445 1616 se-

168 1639 338 1680 minales
360 1669 371 1686 ,
403 1639 445 1679 in
480 1649 579 1691 quos
615 1636 827 1679 finduntur
858 1639 1007 1680 semina
1030 1672 1041 1691 ,
1070 1637 1139 1679 illa
1164 1669 1176 1689 ‚
1216 1652 1267 1680 ex
1300 1640 1444 1694 quibus

167 1702 255 1744 dixi
304 1703 455 1744 semina
507 1702 727 1755 composita
774 1702 883 1755 effe,
931 1703 1025 1744 folia
1077 1703 1289 1753 referunt,
1339 1716 1443 1757 quae

168 1767 331 1820 quidem
367 1767 444 1808 sint
476 1767 670 1808 omnium
706 1767 833 1808 totius
869 1767 1025 1821 plantae
1060 1769 1243 1808 maxime
1283 1769 1442 1819 imper-

167 1831 267 1872 secra
289 1861 300 1880 ‚
335 1831 524 1873 informia
547 1862 558 1882 ,
593 1843 735 1886 parua,
768 1832 887 1872 craffit
911 1862 922 1882 ‚
953 1833 1055 1872 dura
1076 1862 1088 1882 ,
1119 1833 1308 1882 exsucca,
1342 1831 1436 1874 alba.

168 1896 251 1952 Qui
284 1896 439 1937 dubitat
460 1927 471 1946 ‚
521 1897 654 1937 videat
690 1896 764 1937 hos
799 1897 940 1946 lobos,
981 1899 1082 1938 dum
1124 1897 1256 1936 semen
1309 1905 1440 1937 terrae

165 1960 478 2012 committitur,
509 1970 555 2001 vt
590 1962 922 2014 vegetationem,
971 1961 1011 2001 in
1044 1959 1178 2013 planta
1214 1970 1342 2001 matre
1373 1962 1440 2001 iu-

166 2035 397 2079 terruptam
420 2057 431 2075 ‚
463 2036 568 2065 nunc
601 2027 862 2080 prosequatur
886 2057 898 2076 ‚
930 2025 973 2066 in
1007 2024 1288 2078 perfectissima
1309 2056 1321 2077 ,
1369 2025 1438 2066 vi-

165 2090 380 2144 ridissima,
413 2087 639 2133 succulenta
657 2092 750 2133 folia
784 2090 890 2129 abire
914 2121 926 2140 ‚
966 2101 1067 2143 quae
1098 2089 1305 2132 seminalia
1339 2088 1438 2131 vul-

753 2153 791 2197 E
812 2165 831 2195 e
849 2165 871 2194 e
909 2167 932 2206 3
1383 2166 1438 2210 go
