2008 2735
543 168 657 222 »2233
688 164 703 224 )
738 176 765 207 0
803 162 818 223 (
853 165 969 218 ἔξω
1320 178 1378 219 33

108 288 230 338 beat,
282 284 356 328 nifi
409 283 449 325 in
502 280 846 337 parallelepipedis
888 273 1126 332 chalybei&
1176 292 1276 336 quae
1311 294 1383 336 per

112 352 353 396 methodum
384 346 558 401 duplicis
590 348 795 388 contaetus
829 345 872 385 vi
911 347 1133 397 magnetica
1182 347 1381 387 imbuun-

112 429 184 459 tur
215 428 260 457 et
290 414 564 457 communiter
599 422 839 466 magnetum
884 411 1167 453 artificialium
1214 413 1384 454 nomine

111 483 293 524 veniunt.

258 544 323 585 Ad
371 541 541 584 alteram
593 542 640 582 de
692 541 969 590 distributione
1020 543 1084 583 vis
1131 542 1382 595 magneticae

109 620 180 665 per
217 618 446 661 magnetem
476 608 754 661 cuiuscunque
788 608 942 660 figurae
975 608 1247 661 quaestionem
1294 609 1384 663 pri-

109 687 182 716 mo
235 684 424 715 notamus
444 704 456 724 ,
507 685 599 713 eam
642 673 690 712 ad
721 671 822 713 solas
857 673 992 725 virgas
1025 672 1382 726 parallelepipedas

108 738 269 792 duplici
304 738 492 780 contactu
540 736 857 790 magnetificatas
908 738 1142 792 pertinere,
1191 749 1292 777 cum
1344 737 1388 777 in

108 804 277 858 reliquis
329 803 617 855 magnetibus,
665 802 914 844 naturalibus
963 802 1029 842 seu
1084 799 1389 853 artificialibus,

107 869 172 911 vis
208 869 275 910 ista
310 868 378 908 vel
412 866 693 918 irregulariter
729 865 777 906 sit
807 866 944 908 diffusa
978 865 1046 906 vel
1077 867 1175 906 adeo
1220 866 1266 905 ab
1321 878 1389 906 ar-

110 931 229 974 tificis
262 931 568 985 quodammodo
599 930 769 971 arbitrio
810 932 993 985 pendeat.
1091 929 1202 971 Cum
1257 930 1387 980 igitur

109 996 308 1039 eiusmodi
342 995 512 1047 virgae,
564 994 594 1035 fi
646 993 1034 1046 magnetificantur‚
1085 1006 1134 1035 eo
1187 993 1388 1035 maiorem

107 1062 305 1116 polorum
337 1058 495 1101 alterno
528 1058 670 1101 ordine
722 1060 758 1101 se
806 1058 1107 1113 excipientium
1160 1069 1387 1100 numerum

105 1124 380 1179 adipiscuntur
406 1156 416 1176 ‚
449 1136 533 1178 quo
565 1124 656 1166 sunt
690 1123 924 1177 longiore33
960 1122 1072 1165 filcile
1103 1121 1352 1175 inteligitur
1374 1154 1387 1176 ‚

105 1190 280 1231 totidem
315 1201 478 1245 quoque
512 1189 555 1229 in
604 1190 653 1230 iis
700 1200 837 1231 centra
892 1189 1119 1242 magnetica
1170 1188 1288 1241 dari,
1340 1189 1385 1230 in

101 1255 245 1308 quibus
275 1255 463 1295 omnibus
485 1284 496 1304 ‚
548 1256 813 1307 magnetismi
858 1255 1063 1296 nimirum
1115 1255 1348 1308 expertibus
1371 1285 1384 1306 ,

102 1332 199 1359 cum
232 1318 450 1372 adplicatae
485 1319 606 1359 scalae
641 1319 919 1362 intenfitatum
952 1318 1178 1360 euanescere
1199 1319 1383 1370 debeant,

104 1393 196 1422 eam
232 1381 376 1421 scalam
409 1394 580 1422 curnam
614 1384 768 1425 altioris
799 1384 951 1425 ordinis
982 1383 1055 1426 effe
1104 1381 1259 1435 liquet,
1312 1396 1385 1424 ne-

108 1457 186 1498 que
219 1457 320 1485 vero
355 1444 505 1485 rectam
528 1476 539 1496 ,
574 1454 621 1485 vt
657 1446 844 1496 Mayerus
879 1449 1015 1488 statuit
1036 1478 1048 1496 ‚
1082 1447 1172 1486 'nist
1207 1449 1308 1488 forte
1341 1448 1385 1490 in

107 1509 237 1567 virgis
272 1508 430 1549 modice
466 1507 597 1558 longis
618 1538 630 1557 ‚
682 1522 781 1561 quae
815 1509 915 1550 solae
946 1524 995 1551 eo
1027 1509 1162 1550 reduci
1199 1509 1354 1562 possunt
1374 1542 1387 1563 ,

107 1583 155 1613 vt
208 1573 375 1625 plures,
427 1583 550 1625 quam
602 1571 715 1612 binos
763 1570 910 1625 polos,
960 1585 1042 1614 non
1077 1573 1386 1626 muciscantur;

104 1638 296 1692 quamuis
329 1646 370 1676 et
403 1634 479 1677 hoc
523 1635 564 1676 in
608 1637 695 1677 casu
750 1636 956 1677 fatendum
1010 1636 1092 1685 sit,
1146 1638 1385 1679 constantiae

103 1711 271 1744 naturae
304 1713 452 1756 parum
487 1700 775 1743 conuenienter
810 1701 926 1743 statui
950 1732 963 1752 ‚
1013 1701 1158 1744 scalam
1218 1702 1387 1743 intensi-

106 1776 243 1808 tatum
267 1798 279 1818 ‚
337 1778 439 1820 quae
472 1767 514 1807 in
545 1765 674 1818 virgis
711 1766 961 1820 longioribus
994 1767 1048 1808 est
1077 1780 1199 1808 curua
1234 1769 1387 1808 ordinis

107 1829 264 1873 altioris
286 1862 296 1882 ‚
347 1831 478 1872 subito
499 1862 509 1882 ,
563 1831 785 1873 imminuta
822 1832 961 1884 virgae
994 1830 1252 1882 longitndine
1273 1863 1285 1883 ,
1343 1833 1385 1873 in

112 1895 263 1936 restam
315 1896 428 1938 abire.
530 1897 673 1950 Longe
708 1905 845 1937 autem
883 1895 1016 1948 magis
1053 1898 1173 1937 ardua
1206 1897 1254 1937 de
1289 1897 1384 1937 fun-

111 1957 246 1999 stione
294 1961 586 2002 attradtionurn
636 1971 678 2004 et
730 1961 1009 2017 repulfionum
1061 1962 1384 2015 magneticarum

110 2024 288 2075 quaestio
318 2026 403 2077 est3
437 2037 480 2066 ac
515 2025 782 2077 Mayerianam
813 2028 980 2082 quidem
1013 2024 1257 2079 hypothesin
1276 2027 1387 2081 quod

111 2089 284 2140 attinet,
350 2101 438 2130 eam
493 2104 574 2132 non
629 2089 775 2134 multis
824 2091 954 2136 solum
1009 2092 1137 2134 dubiis
1186 2091 1262 2133 effe
1313 2092 1388 2131 ob-

177 2152 299 2196 Tom.
311 2154 411 2198 XII.
425 2152 537 2197 Nou.
550 2154 654 2198 Com
662 2169 720 2197 m.
949 2169 970 2198 e
1218 2157 1386 2199 noxiam
