2008 2735
361 190 444 231 EX
481 188 879 232 CHARACTERE
914 186 1234 231 BOTANICO.
1341 201 1427 241 533

171 305 372 357 indagatae
407 302 525 350 sunt,
559 304 790 352 gummolas
823 301 998 342 offerunt
1034 313 1163 355 partes
1186 333 1201 353 ,
1236 313 1333 342 cum
1370 317 1432 344 re—

171 369 302 410 linosis
337 367 486 408 mixtas
508 397 518 416 ‚
553 367 698 419 quibus
735 377 836 406 terra
875 379 948 419 pro
965 364 1041 405 basi
1073 366 1126 407 cst
1148 397 1158 417 ,
1191 380 1214 407 e
1247 380 1323 421 qua
1346 380 1433 407 ma—

170 445 285 484 gnete
327 433 527 473 martialcs
579 431 707 471 atomi
766 430 1045 472 adtrahuntur.
1146 431 1245 472 Inde
1297 433 1430 473 tonica

167 499 306 539 Virtus
354 497 548 549 primaria
596 496 707 537 debet
757 496 862 547 effe,
912 507 1040 549 neque
1089 497 1318 537 euanescere
1353 508 1432 537 vn-

164 575 283 615 quam
305 593 315 612 ‚
346 562 407 601 sed
441 575 516 616 pro
552 562 662 601 varia
699 562 880 614 partium
917 560 1064 600 harum
1101 563 1206 601 inter
1242 563 1276 602 se
1321 562 1434 602 mix-

165 628 271 667 tione
306 625 406 666 aliue
439 626 650 667 debiliores
685 627 774 666 sunt
796 656 806 675 ,
841 625 940 666 aliae
970 626 1179 676 fortiores,
1212 637 1309 666 cum
1343 627 1433 666 vir-

161 700 227 731 tus
262 692 387 732 modo
421 690 662 745 simpliciter
697 690 896 732 resoluens
919 720 930 741 ‚
966 688 1031 730 vel
1063 690 1256 731 diuretica
1277 722 1288 742 ‚
1340 702 1435 731 mo-

156 756 218 796 'do
249 767 423 810 purgans
457 766 504 796 vt
540 757 580 796 in
615 755 801 810 Pohpodio
843 754 1028 808 vulgari,
1080 755 1253 796 BAVH.
1311 755 1433 796 modo

165 830 206 859 et
248 820 593 871 anthelmintica,
644 829 691 861 vt
750 820 789 859 in
847 819 1077 872 Polypodio
1128 819 1245 859 Filice
1299 830 1433 870 marc,

164 886 297 937 surgat
331 885 609 936 luculentior,
656 896 800 925 omnes
833 893 971 923 autem
1007 895 1057 923 ex
1092 884 1295 938 principio
1343 885 1436 924 vni-

167 961 247 999 co,
302 951 411 989 varie
465 949 715 1003 transposito.
817 945 1015 989 Generale
1066 947 1105 986 id
1156 948 1241 988 est:
1293 947 1438 989 Filices

164 1025 305 1054 omncs
340 1024 508 1066 propter
545 1012 794 1066 principium
827 1010 1013 1051 martiale
1045 1010 1260 1056 roborant,
1316 1023 1357 1052 et
1389 1012 1439 1052 ob

162 1076 256 1116 sales
304 1077 598 1125 deobstruunt‚
665 1074 950 1128 characterque
983 1074 1190 1114 bot-„inicus
1226 1073 1329 1114 hanc
1372 1074 1438 1115 in-

163 1149 227 1180 tus
262 1138 453 1180 latentem
489 1139 720 1181 facultatem
745 1171 756 1190 ,
791 1147 956 1180 externe
990 1138 1139 1192 prodit.

312 1203 540 1243 Gramlmmz
590 1202 741 1242 semina
773 1232 783 1252 ,
834 1202 1069 1255 plantarum
1092 1231 1104 1251 ,
1155 1203 1289 1242 rursus
1343 1203 1439 1243 adeo

161 1264 289 1314 caule,
321 1265 425 1306 foliis
449 1297 460 1315 ‚
494 1266 635 1317 gluma
658 1298 668 1317 ,
702 1264 867 1307 floribus
901 1267 1004 1306 inter
1037 1265 1073 1306 se
1088 1265 1440 1318 conuenientium,

164 1340 211 1370 vt
247 1330 434 1371 ordinem
472 1330 602 1371 sistant
624 1362 634 1381 ,
669 1330 716 1370 de
753 1342 836 1383 quo
869 1342 991 1370 nemo
1041 1330 1249 1383 disputat,
1300 1330 1439 1370 omnia

164 1395 354 1436 farinacea
389 1395 480 1436 sunt
501 1426 512 1446 ‚
543 1406 595 1434 ex
629 1394 805 1447 partibus
840 1407 988 1447 nempe
1010 1393 1439 1446 mucilaginoso-oleo-

168 1457 219 1499 sis
264 1459 466 1510 conflata,
524 1459 632 1500 vnde
683 1460 887 1500 nutritiua
937 1456 1110 1499 illorum
1161 1458 1440 1513 emollensque

168 1524 301 1564 virtus
343 1525 501 1577 pendet.
575 1523 716 1565 Nemo
748 1537 768 1564 a
805 1535 872 1563 me
905 1524 1073 1576 exiget,
1115 1531 1162 1562 vt
1193 1536 1262 1576 per
1296 1535 1440 1565 exem-

168 1586 234 1643 pla
267 1601 367 1630 eam.
433 1588 605 1640 Tritici,
640 1588 820 1639 Hordei,
853 1587 1016 1639 Punici,
1059 1587 1172 1628 Zeae
1192 1619 1203 1639 ‚
1246 1586 1408 1630 Bromae
1429 1620 1439 1639 ,

168 1651 347 1700 Festucae
365 1686 378 1705 ,
413 1653 522 1695 Mihi
539 1684 551 1704 ‚
587 1653 744 1695 Auenae
766 1685 777 1705 ,
812 1651 988 1702 seculis,
1020 1651 1190 1706 Tripsaci
1209 1683 1221 1702 ‚
1252 1652 1408 1703 Oryzae
1429 1685 1440 1705 ‚

170 1718 505 1773 reliquorumque
533 1750 544 1769 ,
578 1720 665 1773 quis
701 1720 861 1771 ignorat
895 1716 1180 1757 alimentarem
1213 1718 1305 1757 vim
1329 1748 1340 1768 ,
1375 1727 1441 1759 to·

174 1783 244 1821 ties
280 1785 320 1824 in
354 1794 515 1826 tantum
558 1781 779 1825 hominum
830 1781 1166 1822 emolumentum
1214 1779 1443 1821 confirma-

175 1845 298 1888 tam?
348 1848 449 1905 Quis
500 1860 581 1890 non
634 1846 934 1893 venerabundus
986 1846 1164 1897 agnoscit
1216 1845 1441 1898 prodigiosa

174 1920 340 1954 naturae
371 1914 469 1955 bona
502 1914 544 1953 in
581 1923 692 1954 tanta
732 1911 1026 1953 alimentorum
1079 1908 1301 1950 necessitate
1331 1919 1443 1951 tan-

175 1985 256 2015 tam
288 1989 435 2019 eorum
469 1978 804 2020 subministramus
836 1971 1092 2017 materiem?
1144 1973 1326 2030 Quisque
1361 1987 1442 2016 non

177 2040 438 2093 exploratum
483 2041 631 2095 habet,
682 2054 804 2083 manu
859 2040 970 2095 quasi
1023 2039 1290 2090 indigitatum
1337 2038 1440 2087 else,

175 2115 259 2166 quo
294 2108 469 2150 conferat
501 2106 538 2149 se
570 2107 702 2151 homo
722 2139 733 2160 ‚
785 2115 832 2147 vt
865 2104 994 2146 homo
1036 2113 1204 2159 maneat.
1306 2103 1444 2145 Exce-

755 2170 799 2213 X
818 2180 847 2214 x
866 2181 894 2213 x
931 2181 955 2218 3
1332 2168 1447 2221 ρῑίοῇ
