<?xml version="1.0" encoding="UTF-8"?>
<!DOCTYPE html PUBLIC "-//W3C//DTD XHTML 1.0 Transitional//EN"
    "http://www.w3.org/TR/xhtml1/DTD/xhtml1-transitional.dtd">
<html xmlns="http://www.w3.org/1999/xhtml" xml:lang="en" lang="en">
 <head>
  <title>
</title>
<meta http-equiv="Content-Type" content="text/html;charset=utf-8" />
  <meta name='ocr-system' content='tesseract 3.04.00' />
  <meta name='ocr-capabilities' content='ocr_page ocr_carea ocr_par ocr_line ocrx_word'/>
</head>
<body>
  <div class='ocr_page' id='page_1' title='image "./novicommentariac12impe_0246.png"; bbox 0 0 2008 2735; ppageno 0'>
   <div class='ocr_carea' id='block_1_1' title="bbox 486 149 1505 205">
    <p class='ocr_par' dir='ltr' id='par_1_1' title="bbox 486 149 1505 205">
     <span class='ocr_line' id='line_1_1' title="bbox 486 149 1505 205; baseline 0.002 -7"><span class='ocrx_word' id='word_1_1' title='bbox 486 159 579 205; x_wconf 73' lang='lat'>184</span> <span class='ocrx_word' id='word_1_2' title='bbox 751 153 836 199; x_wconf 91' lang='lat' dir='ltr'>DE</span> <span class='ocrx_word' id='word_1_3' title='bbox 871 149 1030 197; x_wconf 92' lang='lat' dir='ltr'>LEGE</span> <span class='ocrx_word' id='word_1_4' title='bbox 1067 151 1505 200; x_wconf 86' lang='lat' dir='ltr'>REFRACTIONIS</span> 
     </span>
    </p>
   </div>
   <div class='ocr_carea' id='block_1_2' title="bbox 474 268 1759 1677">
    <p class='ocr_par' dir='ltr' id='par_1_2' title="bbox 474 268 1759 1677">
     <span class='ocr_line' id='line_1_2' title="bbox 481 268 1758 325; baseline 0.005 -12"><span class='ocrx_word' id='word_1_5' title='bbox 481 281 577 313; x_wconf 85' lang='lat' dir='ltr'>nem</span> <span class='ocrx_word' id='word_1_6' title='bbox 616 272 788 323; x_wconf 78' lang='lat' dir='ltr'>gignat,</span> <span class='ocrx_word' id='word_1_7' title='bbox 840 283 962 325; x_wconf 80' lang='lat' dir='ltr'>quam</span> <span class='ocrx_word' id='word_1_8' title='bbox 1000 268 1137 321; x_wconf 88' lang='lat' dir='ltr'>illud,</span> <span class='ocrx_word' id='word_1_9' title='bbox 1193 272 1311 325; x_wconf 89' lang='lat' dir='ltr'>idque</span> <span class='ocrx_word' id='word_1_10' title='bbox 1359 271 1457 313; x_wconf 82' lang='lat' dir='ltr'>adeo</span> <span class='ocrx_word' id='word_1_11' title='bbox 1508 270 1551 312; x_wconf 91' lang='lat' dir='ltr'>in</span> <span class='ocrx_word' id='word_1_12' title='bbox 1602 276 1758 319; x_wconf 59' lang='lat' dir='ltr'>radone</span> 
     </span>
     <span class='ocr_line' id='line_1_3' title="bbox 481 336 1757 390; baseline 0.005 -13"><span class='ocrx_word' id='word_1_13' title='bbox 481 336 772 390; x_wconf 77' lang='lat' dir='ltr'>sesquialtera,</span> <span class='ocrx_word' id='word_1_14' title='bbox 821 349 900 390; x_wconf 85' lang='lat' dir='ltr'>qua</span> <span class='ocrx_word' id='word_1_15' title='bbox 951 336 1174 376; x_wconf 84' lang='lat' dir='ltr'>differentia</span> <span class='ocrx_word' id='word_1_16' title='bbox 1225 338 1329 377; x_wconf 89' lang='lat' dir='ltr'>inter</span> <span class='ocrx_word' id='word_1_17' title='bbox 1381 337 1636 379; x_wconf 63' lang='lat' dir='ltr'>refractiones</span> <span class='ocrx_word' id='word_1_18' title='bbox 1684 354 1757 383; x_wconf 84' lang='lat' dir='ltr'>ex·</span> 
     </span>
     <span class='ocr_line' id='line_1_4' title="bbox 481 399 1757 459; baseline 0.005 -19"><span class='ocrx_word' id='word_1_19' title='bbox 481 411 633 442; x_wconf 84' lang='lat' dir='ltr'>tremas</span> <span class='ocrx_word' id='word_1_20' title='bbox 670 402 798 441; x_wconf 84' lang='lat' dir='ltr'>maior</span> <span class='ocrx_word' id='word_1_21' title='bbox 834 401 882 441; x_wconf 80' lang='lat' dir='ltr'>sit</span> <span class='ocrx_word' id='word_1_22' title='bbox 919 402 958 440; x_wconf 90' lang='lat' dir='ltr'>in</span> <span class='ocrx_word' id='word_1_23' title='bbox 993 399 1275 454; x_wconf 74' lang='lat' dir='ltr'>chrystallino,</span> <span class='ocrx_word' id='word_1_24' title='bbox 1309 416 1431 457; x_wconf 86' lang='lat' dir='ltr'>quam</span> <span class='ocrx_word' id='word_1_25' title='bbox 1470 404 1509 443; x_wconf 90' lang='lat' dir='ltr'>in</span> <span class='ocrx_word' id='word_1_26' title='bbox 1531 408 1757 459; x_wconf 84' lang='lat' dir='ltr'>coronario,</span> 
     </span>
     <span class='ocr_line' id='line_1_5' title="bbox 481 465 1758 520; baseline 0.005 -16"><span class='ocrx_word' id='word_1_27' title='bbox 481 466 589 520; x_wconf 91' lang='lat' dir='ltr'>quod</span> <span class='ocrx_word' id='word_1_28' title='bbox 624 476 729 505; x_wconf 83' lang='lat' dir='ltr'>certe</span> <span class='ocrx_word' id='word_1_29' title='bbox 765 465 918 515; x_wconf 86' lang='lat' dir='ltr'>legibus</span> <span class='ocrx_word' id='word_1_30' title='bbox 967 476 1132 505; x_wconf 75' lang='lat' dir='ltr'>naturae</span> <span class='ocrx_word' id='word_1_31' title='bbox 1186 468 1369 508; x_wconf 84' lang='lat' dir='ltr'>maxime</span> <span class='ocrx_word' id='word_1_32' title='bbox 1420 470 1618 510; x_wconf 82' lang='lat' dir='ltr'>adueriari</span> <span class='ocrx_word' id='word_1_33' title='bbox 1666 470 1758 512; x_wconf 82' lang='lat' dir='ltr'>effet</span> 
     </span>
     <span class='ocr_line' id='line_1_6' title="bbox 479 528 1754 587; baseline 0.006 -18"><span class='ocrx_word' id='word_1_34' title='bbox 479 531 721 569; x_wconf 84' lang='lat' dir='ltr'>censendum</span> <span class='ocrx_word' id='word_1_35' title='bbox 745 559 757 578; x_wconf 91' lang='lat'>,</span> <span class='ocrx_word' id='word_1_36' title='bbox 791 528 820 568; x_wconf 83' lang='lat' dir='ltr'>fi</span> <span class='ocrx_word' id='word_1_37' title='bbox 856 529 1043 570; x_wconf 69' lang='lat' dir='ltr'>refraetio</span> <span class='ocrx_word' id='word_1_38' title='bbox 1081 531 1210 572; x_wconf 82' lang='lat' dir='ltr'>media</span> <span class='ocrx_word' id='word_1_39' title='bbox 1247 535 1439 587; x_wconf 65' lang='lat' dir='ltr'>vti-inque</span> <span class='ocrx_word' id='word_1_40' title='bbox 1474 533 1563 576; x_wconf 70' lang='lat' dir='ltr'>esset</span> <span class='ocrx_word' id='word_1_41' title='bbox 1598 537 1754 577; x_wconf 84' lang='lat' dir='ltr'>eadem.</span> 
     </span>
     <span class='ocr_line' id='line_1_7' title="bbox 479 593 1759 649; baseline 0.007 -17"><span class='ocrx_word' id='word_1_42' title='bbox 479 593 689 649; x_wconf 81' lang='lat' dir='ltr'>Quamuis</span> <span class='ocrx_word' id='word_1_43' title='bbox 723 602 862 634; x_wconf 81' lang='lat' dir='ltr'>autem</span> <span class='ocrx_word' id='word_1_44' title='bbox 897 607 941 634; x_wconf 83' lang='lat' dir='ltr'>ea</span> <span class='ocrx_word' id='word_1_45' title='bbox 977 593 1018 633; x_wconf 91' lang='lat' dir='ltr'>in</span> <span class='ocrx_word' id='word_1_46' title='bbox 1053 594 1318 646; x_wconf 81' lang='lat' dir='ltr'>chrystallino</span> <span class='ocrx_word' id='word_1_47' title='bbox 1351 597 1515 640; x_wconf 81' lang='lat' dir='ltr'>tantillo</span> <span class='ocrx_word' id='word_1_48' title='bbox 1568 599 1616 640; x_wconf 82' lang='lat' dir='ltr'>sit</span> <span class='ocrx_word' id='word_1_49' title='bbox 1668 614 1759 642; x_wconf 82' lang='lat' dir='ltr'>rna-</span> 
     </span>
     <span class='ocr_line' id='line_1_8' title="bbox 479 659 1756 709; baseline 0.005 -9"><span class='ocrx_word' id='word_1_50' title='bbox 479 659 566 709; x_wconf 86' lang='lat' dir='ltr'>ior,</span> <span class='ocrx_word' id='word_1_51' title='bbox 597 659 687 700; x_wconf 89' lang='lat' dir='ltr'>inde</span> <span class='ocrx_word' id='word_1_52' title='bbox 723 668 859 698; x_wconf 80' lang='lat' dir='ltr'>tamen</span> <span class='ocrx_word' id='word_1_53' title='bbox 896 666 1058 698; x_wconf 80' lang='lat' dir='ltr'>tantum</span> <span class='ocrx_word' id='word_1_54' title='bbox 1095 660 1312 701; x_wconf 80' lang='lat' dir='ltr'>discrimen</span> <span class='ocrx_word' id='word_1_55' title='bbox 1347 662 1464 703; x_wconf 88' lang='lat' dir='ltr'>nullo</span> <span class='ocrx_word' id='word_1_56' title='bbox 1504 665 1626 705; x_wconf 91' lang='lat' dir='ltr'>modo</span> <span class='ocrx_word' id='word_1_57' title='bbox 1657 666 1756 707; x_wconf 86' lang='lat' dir='ltr'>oriri</span> 
     </span>
     <span class='ocr_line' id='line_1_9' title="bbox 478 723 1757 781; baseline 0.006 -18"><span class='ocrx_word' id='word_1_58' title='bbox 478 724 631 778; x_wconf 86' lang='lat' dir='ltr'>potest,</span> <span class='ocrx_word' id='word_1_59' title='bbox 664 723 705 763; x_wconf 91' lang='lat' dir='ltr'>id</span> <span class='ocrx_word' id='word_1_60' title='bbox 740 724 849 776; x_wconf 88' lang='lat' dir='ltr'>quod</span> <span class='ocrx_word' id='word_1_61' title='bbox 883 725 1006 763; x_wconf 85' lang='lat' dir='ltr'>etiam</span> <span class='ocrx_word' id='word_1_62' title='bbox 1044 723 1135 764; x_wconf 88' lang='lat' dir='ltr'>inde</span> <span class='ocrx_word' id='word_1_63' title='bbox 1167 724 1360 777; x_wconf 85' lang='lat' dir='ltr'><strong>colligere</strong></span> <span class='ocrx_word' id='word_1_64' title='bbox 1394 726 1489 768; x_wconf 89' lang='lat' dir='ltr'>licet</span> <span class='ocrx_word' id='word_1_65' title='bbox 1515 760 1526 777; x_wconf 89' lang='lat'>‚</span> <span class='ocrx_word' id='word_1_66' title='bbox 1557 731 1664 781; x_wconf 88' lang='lat' dir='ltr'>quod</span> <span class='ocrx_word' id='word_1_67' title='bbox 1705 730 1757 770; x_wconf 87' lang='lat' dir='ltr'>fi-</span> 
     </span>
     <span class='ocr_line' id='line_1_10' title="bbox 481 788 1757 846; baseline 0.002 -17"><span class='ocrx_word' id='word_1_68' title='bbox 481 798 533 829; x_wconf 84' lang='lat' dir='ltr'>ne</span> <span class='ocrx_word' id='word_1_69' title='bbox 566 788 692 829; x_wconf 88' lang='lat' dir='ltr'>dubio</span> <span class='ocrx_word' id='word_1_70' title='bbox 728 788 834 828; x_wconf 85' lang='lat' dir='ltr'>inter</span> <span class='ocrx_word' id='word_1_71' title='bbox 869 788 1182 830; x_wconf 80' lang='lat' dir='ltr'>innumerabiles</span> <span class='ocrx_word' id='word_1_72' title='bbox 1216 791 1316 830; x_wconf 81' lang='lat' dir='ltr'>vitri</span> <span class='ocrx_word' id='word_1_73' title='bbox 1351 791 1496 844; x_wconf 86' lang='lat' dir='ltr'>species</span> <span class='ocrx_word' id='word_1_74' title='bbox 1527 804 1606 832; x_wconf 83' lang='lat' dir='ltr'>vna</span> <span class='ocrx_word' id='word_1_75' title='bbox 1634 806 1757 846; x_wconf 79' lang='lat' dir='ltr'>quae-</span> 
     </span>
     <span class='ocr_line' id='line_1_11' title="bbox 477 853 1758 909; baseline 0.004 -15"><span class='ocrx_word' id='word_1_76' title='bbox 477 853 573 895; x_wconf 85' lang='lat' dir='ltr'>dam</span> <span class='ocrx_word' id='word_1_77' title='bbox 628 855 857 906; x_wconf 80' lang='lat' dir='ltr'>reperiatur</span> <span class='ocrx_word' id='word_1_78' title='bbox 911 853 1133 903; x_wconf 71' lang='lat' dir='ltr'>chrystallo</span> <span class='ocrx_word' id='word_1_79' title='bbox 1183 856 1350 909; x_wconf 90' lang='lat' dir='ltr'>quidem</span> <span class='ocrx_word' id='word_1_80' title='bbox 1405 854 1583 896; x_wconf 89' lang='lat' dir='ltr'>fimilior</span> <span class='ocrx_word' id='word_1_81' title='bbox 1619 887 1631 907; x_wconf 87' lang='lat'>‚</span> <span class='ocrx_word' id='word_1_82' title='bbox 1696 857 1758 899; x_wconf 85' lang='lat' dir='ltr'>sed</span> 
     </span>
     <span class='ocr_line' id='line_1_12' title="bbox 480 918 1758 975; baseline 0.005 -19"><span class='ocrx_word' id='word_1_83' title='bbox 480 929 584 971; x_wconf 82' lang='lat' dir='ltr'>quae</span> <span class='ocrx_word' id='word_1_84' title='bbox 618 918 784 958; x_wconf 85' lang='lat' dir='ltr'>eandem</span> <span class='ocrx_word' id='word_1_85' title='bbox 820 919 1103 958; x_wconf 68' lang='lat' dir='ltr'>refratstionem</span> <span class='ocrx_word' id='word_1_86' title='bbox 1141 922 1317 961; x_wconf 83' lang='lat' dir='ltr'>mediam</span> <span class='ocrx_word' id='word_1_87' title='bbox 1351 933 1396 964; x_wconf 84' lang='lat' dir='ltr'>ac</span> <span class='ocrx_word' id='word_1_88' title='bbox 1447 922 1592 975; x_wconf 86' lang='lat' dir='ltr'>species</span> <span class='ocrx_word' id='word_1_89' title='bbox 1639 934 1758 963; x_wconf 88' lang='lat' dir='ltr'>coro-</span> 
     </span>
     <span class='ocr_line' id='line_1_13' title="bbox 481 982 1757 1038; baseline 0.005 -16"><span class='ocrx_word' id='word_1_90' title='bbox 481 982 592 1022; x_wconf 80' lang='lat' dir='ltr'>naria</span> <span class='ocrx_word' id='word_1_91' title='bbox 627 982 732 1021; x_wconf 56' lang='lat' dir='ltr'>dieta</span> <span class='ocrx_word' id='word_1_92' title='bbox 764 984 934 1033; x_wconf 79' lang='lat' dir='ltr'>gignat3</span> <span class='ocrx_word' id='word_1_93' title='bbox 978 993 1099 1036; x_wconf 82' lang='lat' dir='ltr'>atque</span> <span class='ocrx_word' id='word_1_94' title='bbox 1136 985 1175 1024; x_wconf 93' lang='lat' dir='ltr'>in</span> <span class='ocrx_word' id='word_1_95' title='bbox 1211 986 1279 1026; x_wconf 84' lang='lat' dir='ltr'>ista</span> <span class='ocrx_word' id='word_1_96' title='bbox 1312 986 1437 1038; x_wconf 89' lang='lat' dir='ltr'>specie</span> <span class='ocrx_word' id='word_1_97' title='bbox 1470 988 1597 1026; x_wconf 84' lang='lat' dir='ltr'>etiam</span> <span class='ocrx_word' id='word_1_98' title='bbox 1632 988 1757 1028; x_wconf 78' lang='lat' dir='ltr'>refra-</span> 
     </span>
     <span class='ocr_line' id='line_1_14' title="bbox 477 1045 1756 1102; baseline 0.006 -18"><span class='ocrx_word' id='word_1_99' title='bbox 477 1045 630 1085; x_wconf 75' lang='lat' dir='ltr'>‹stiones</span> <span class='ocrx_word' id='word_1_100' title='bbox 665 1055 870 1085; x_wconf 78' lang='lat' dir='ltr'>extremae</span> <span class='ocrx_word' id='word_1_101' title='bbox 905 1058 1050 1099; x_wconf 80' lang='lat' dir='ltr'>parum</span> <span class='ocrx_word' id='word_1_102' title='bbox 1087 1061 1108 1086; x_wconf 88' lang='lat' dir='ltr'>a</span> <span class='ocrx_word' id='word_1_103' title='bbox 1144 1047 1418 1099; x_wconf 79' lang='lat' dir='ltr'>chrystallinis</span> <span class='ocrx_word' id='word_1_104' title='bbox 1451 1051 1756 1102; x_wconf 80' lang='lat' dir='ltr'>discrepabunt;</span> 
     </span>
     <span class='ocr_line' id='line_1_15' title="bbox 478 1108 1752 1165; baseline 0.003 -15"><span class='ocrx_word' id='word_1_105' title='bbox 478 1109 569 1151; x_wconf 88' lang='lat' dir='ltr'>Iam</span> <span class='ocrx_word' id='word_1_106' title='bbox 607 1122 706 1150; x_wconf 85' lang='lat' dir='ltr'>vero</span> <span class='ocrx_word' id='word_1_107' title='bbox 739 1111 910 1150; x_wconf 90' lang='lat' dir='ltr'>omnino</span> <span class='ocrx_word' id='word_1_108' title='bbox 941 1108 1085 1149; x_wconf 77' lang='lat' dir='ltr'>necesse</span> <span class='ocrx_word' id='word_1_109' title='bbox 1119 1112 1172 1152; x_wconf 88' lang='lat' dir='ltr'>est</span> <span class='ocrx_word' id='word_1_110' title='bbox 1195 1143 1205 1162; x_wconf 86' lang='lat'><strong>‚</strong></span> <span class='ocrx_word' id='word_1_111' title='bbox 1249 1121 1296 1151; x_wconf 77' lang='lat' dir='ltr'>vt</span> <span class='ocrx_word' id='word_1_112' title='bbox 1331 1124 1396 1152; x_wconf 79' lang='lat' dir='ltr'>eae</span> <span class='ocrx_word' id='word_1_113' title='bbox 1432 1111 1549 1165; x_wconf 79' lang='lat' dir='ltr'>plane</span> <span class='ocrx_word' id='word_1_114' title='bbox 1586 1115 1752 1165; x_wconf 84' lang='lat' dir='ltr'>perinde</span> 
     </span>
     <span class='ocr_line' id='line_1_16' title="bbox 475 1173 1753 1227; baseline 0.002 -13"><span class='ocrx_word' id='word_1_115' title='bbox 475 1174 512 1215; x_wconf 89' lang='lat' dir='ltr'>se</span> <span class='ocrx_word' id='word_1_116' title='bbox 548 1173 714 1215; x_wconf 79' lang='lat' dir='ltr'>habeant</span> <span class='ocrx_word' id='word_1_117' title='bbox 748 1185 866 1227; x_wconf 82' lang='lat' dir='ltr'>atque</span> <span class='ocrx_word' id='word_1_118' title='bbox 900 1175 940 1214; x_wconf 90' lang='lat' dir='ltr'>in</span> <span class='ocrx_word' id='word_1_119' title='bbox 979 1176 1090 1215; x_wconf 86' lang='lat' dir='ltr'>vitro</span> <span class='ocrx_word' id='word_1_120' title='bbox 1119 1178 1344 1216; x_wconf 79' lang='lat' dir='ltr'>coronario.</span> <span class='ocrx_word' id='word_1_121' title='bbox 1450 1176 1518 1216; x_wconf 88' lang='lat' dir='ltr'>Ne</span> <span class='ocrx_word' id='word_1_122' title='bbox 1553 1189 1653 1217; x_wconf 85' lang='lat' dir='ltr'>vero</span> <span class='ocrx_word' id='word_1_123' title='bbox 1687 1191 1753 1218; x_wconf 82' lang='lat' dir='ltr'>ra-</span> 
     </span>
     <span class='ocr_line' id='line_1_17' title="bbox 479 1239 1753 1295; baseline 0.002 -16"><span class='ocrx_word' id='word_1_124' title='bbox 479 1239 656 1279; x_wconf 83' lang='lat' dir='ltr'>tionibus</span> <span class='ocrx_word' id='word_1_125' title='bbox 688 1248 826 1280; x_wconf 79' lang='lat' dir='ltr'>contra</span> <span class='ocrx_word' id='word_1_126' title='bbox 861 1241 1153 1292; x_wconf 78' lang='lat' dir='ltr'>experientiam</span> <span class='ocrx_word' id='word_1_127' title='bbox 1190 1252 1367 1295; x_wconf 81' lang='lat' dir='ltr'>pugnare</span> <span class='ocrx_word' id='word_1_128' title='bbox 1403 1242 1540 1281; x_wconf 71' lang='lat' dir='ltr'>videar</span> <span class='ocrx_word' id='word_1_129' title='bbox 1561 1271 1571 1290; x_wconf 89' lang='lat'><strong><em>,</em></strong></span> <span class='ocrx_word' id='word_1_130' title='bbox 1608 1251 1753 1281; x_wconf 80' lang='lat' dir='ltr'>notan-</span> 
     </span>
     <span class='ocr_line' id='line_1_18' title="bbox 477 1303 1753 1354; baseline 0.002 -11"><span class='ocrx_word' id='word_1_131' title='bbox 477 1304 577 1343; x_wconf 91' lang='lat' dir='ltr'>dum</span> <span class='ocrx_word' id='word_1_132' title='bbox 613 1304 666 1345; x_wconf 87' lang='lat' dir='ltr'>est</span> <span class='ocrx_word' id='word_1_133' title='bbox 692 1335 703 1354; x_wconf 92' lang='lat'>,</span> <span class='ocrx_word' id='word_1_134' title='bbox 737 1305 1195 1354; x_wconf 22' lang='lat' dir='ltr'>vitrum-coronarium</span> <span class='ocrx_word' id='word_1_135' title='bbox 1229 1307 1352 1345; x_wconf 80' lang='lat' dir='ltr'>viridi</span> <span class='ocrx_word' id='word_1_136' title='bbox 1389 1306 1525 1346; x_wconf 87' lang='lat' dir='ltr'>colore</span> <span class='ocrx_word' id='word_1_137' title='bbox 1558 1303 1632 1344; x_wconf 89' lang='lat' dir='ltr'>esse</span> <span class='ocrx_word' id='word_1_138' title='bbox 1670 1306 1753 1345; x_wconf 88' lang='lat' dir='ltr'>tin-</span> 
     </span>
     <span class='ocr_line' id='line_1_19' title="bbox 476 1367 1751 1422; baseline 0.002 -14"><span class='ocrx_word' id='word_1_139' title='bbox 476 1367 591 1408; x_wconf 69' lang='lat' dir='ltr'>&amp;um</span> <span class='ocrx_word' id='word_1_140' title='bbox 616 1399 626 1419; x_wconf 91' lang='lat'>,</span> <span class='ocrx_word' id='word_1_141' title='bbox 677 1381 761 1422; x_wconf 88' lang='lat' dir='ltr'>quo</span> <span class='ocrx_word' id='word_1_142' title='bbox 793 1370 966 1419; x_wconf 87' lang='lat' dir='ltr'>euenit,</span> <span class='ocrx_word' id='word_1_143' title='bbox 1017 1380 1064 1409; x_wconf 87' lang='lat' dir='ltr'>vt</span> <span class='ocrx_word' id='word_1_144' title='bbox 1100 1370 1139 1408; x_wconf 92' lang='lat' dir='ltr'>in</span> <span class='ocrx_word' id='word_1_145' title='bbox 1177 1369 1344 1409; x_wconf 80' lang='lat' dir='ltr'>transitu</span> <span class='ocrx_word' id='word_1_146' title='bbox 1380 1369 1592 1409; x_wconf 79' lang='lat' dir='ltr'>radiorum</span> <span class='ocrx_word' id='word_1_147' title='bbox 1642 1369 1751 1412; x_wconf 79' lang='lat' dir='ltr'>haud</span> 
     </span>
     <span class='ocr_line' id='line_1_20' title="bbox 474 1434 1749 1489; baseline 0.004 -18"><span class='ocrx_word' id='word_1_148' title='bbox 474 1434 622 1483; x_wconf 84' lang='lat' dir='ltr'>exigua</span> <span class='ocrx_word' id='word_1_149' title='bbox 678 1434 813 1488; x_wconf 90' lang='lat' dir='ltr'>portio</span> <span class='ocrx_word' id='word_1_150' title='bbox 859 1434 1081 1474; x_wconf 86' lang='lat' dir='ltr'>rubrorum</span> <span class='ocrx_word' id='word_1_151' title='bbox 1118 1434 1367 1475; x_wconf 78' lang='lat' dir='ltr'>absorbeatur</span> <span class='ocrx_word' id='word_1_152' title='bbox 1410 1445 1528 1489; x_wconf 81' lang='lat' dir='ltr'>atque</span> <span class='ocrx_word' id='word_1_153' title='bbox 1561 1434 1611 1475; x_wconf 93' lang='lat' dir='ltr'>ob</span> <span class='ocrx_word' id='word_1_154' title='bbox 1645 1434 1749 1476; x_wconf 82' lang='lat' dir='ltr'>hanc</span> 
     </span>
     <span class='ocr_line' id='line_1_21' title="bbox 476 1496 1746 1553; baseline 0.002 -16"><span class='ocrx_word' id='word_1_155' title='bbox 476 1496 732 1549; x_wconf 68' lang='lat' dir='ltr'>potissimum</span> <span class='ocrx_word' id='word_1_156' title='bbox 765 1499 923 1540; x_wconf 78' lang='lat' dir='ltr'>causam</span> <span class='ocrx_word' id='word_1_157' title='bbox 958 1497 1150 1553; x_wconf 84' lang='lat' dir='ltr'>dispersio</span> <span class='ocrx_word' id='word_1_158' title='bbox 1183 1501 1393 1542; x_wconf 79' lang='lat' dir='ltr'>radiorum</span> <span class='ocrx_word' id='word_1_159' title='bbox 1431 1501 1565 1540; x_wconf 82' lang='lat' dir='ltr'>multo</span> <span class='ocrx_word' id='word_1_160' title='bbox 1611 1501 1746 1540; x_wconf 90' lang='lat' dir='ltr'>minor</span> 
     </span>
     <span class='ocr_line' id='line_1_22' title="bbox 475 1561 1741 1619; baseline 0.004 -19"><span class='ocrx_word' id='word_1_161' title='bbox 475 1561 825 1614; x_wconf 74' lang='lat' dir='ltr'>deprehendatur,</span> <span class='ocrx_word' id='word_1_162' title='bbox 860 1565 939 1616; x_wconf 71' lang='lat' dir='ltr'>ipsa</span> <span class='ocrx_word' id='word_1_163' title='bbox 973 1563 1221 1605; x_wconf 63' lang='lat' dir='ltr'>refractionis</span> <span class='ocrx_word' id='word_1_164' title='bbox 1257 1566 1345 1619; x_wconf 88' lang='lat' dir='ltr'>lege</span> <span class='ocrx_word' id='word_1_165' title='bbox 1369 1595 1380 1617; x_wconf 90' lang='lat'><strong><em>,</em></strong></span> <span class='ocrx_word' id='word_1_166' title='bbox 1415 1575 1671 1618; x_wconf 83' lang='lat' dir='ltr'>quaecunque</span> <span class='ocrx_word' id='word_1_167' title='bbox 1697 1575 1741 1605; x_wconf 83' lang='lat' dir='ltr'>ea</span> 
     </span>
     <span class='ocr_line' id='line_1_23' title="bbox 476 1623 905 1677; baseline 0.002 -14"><span class='ocrx_word' id='word_1_168' title='bbox 476 1623 525 1664; x_wconf 85' lang='lat' dir='ltr'>sit</span> <span class='ocrx_word' id='word_1_169' title='bbox 548 1654 560 1677; x_wconf 83' lang='lat'>‚</span> <span class='ocrx_word' id='word_1_170' title='bbox 594 1624 699 1665; x_wconf 78' lang='lat' dir='ltr'>haud</span> <span class='ocrx_word' id='word_1_171' title='bbox 736 1627 905 1667; x_wconf 73' lang='lat' dir='ltr'>turbata.</span> 
     </span>
    </p>
   </div>
   <div class='ocr_carea' id='block_1_3' title="bbox 857 1751 1348 1830">
    <p class='ocr_par' dir='ltr' id='par_1_3' title="bbox 857 1751 1348 1830">
     <span class='ocr_line' id='line_1_24' title="bbox 857 1751 1348 1830; baseline 0.004 -19"><span class='ocrx_word' id='word_1_172' title='bbox 857 1751 1220 1813; x_wconf 81' lang='lat' dir='ltr'>Problema</span> <span class='ocrx_word' id='word_1_173' title='bbox 1301 1777 1348 1830; x_wconf 75' lang='lat'>3.</span> 
     </span>
    </p>
   </div>
   <div class='ocr_carea' id='block_1_4' title="bbox 475 1858 1741 2113">
    <p class='ocr_par' dir='ltr' id='par_1_4' title="bbox 475 1858 1741 2113">
     <span class='ocr_line' id='line_1_25' title="bbox 627 1858 1741 1917; baseline 0.005 -21"><span class='ocrx_word' id='word_1_174' title='bbox 627 1866 698 1904; x_wconf 82' lang='grc'>35.</span> <span class='ocrx_word' id='word_1_175' title='bbox 733 1858 781 1899; x_wconf 87' lang='lat' dir='ltr'>In</span> <span class='ocrx_word' id='word_1_176' title='bbox 818 1858 891 1900; x_wconf 83' lang='lat' dir='ltr'>hac</span> <span class='ocrx_word' id='word_1_177' title='bbox 927 1861 1174 1904; x_wconf 60' lang='lat' dir='ltr'>rest-aetionis</span> <span class='ocrx_word' id='word_1_178' title='bbox 1211 1861 1425 1917; x_wconf 81' lang='lat' dir='ltr'>hypothesi</span> <span class='ocrx_word' id='word_1_179' title='bbox 1451 1893 1461 1912; x_wconf 88' lang='lat'>‚</span> <span class='ocrx_word' id='word_1_180' title='bbox 1493 1861 1580 1902; x_wconf 70' lang='lat' dir='ltr'>data</span> <span class='ocrx_word' id='word_1_181' title='bbox 1616 1860 1741 1902; x_wconf 82' lang='lat' dir='ltr'>refra-</span> 
     </span>
     <span class='ocr_line' id='line_1_26' title="bbox 475 1920 1737 1974; baseline 0.006 -15"><span class='ocrx_word' id='word_1_182' title='bbox 475 1920 607 1960; x_wconf 68' lang='lat' dir='ltr'>&amp;ione</span> <span class='ocrx_word' id='word_1_183' title='bbox 639 1922 790 1974; x_wconf 77' lang='lat' dir='ltr'>media,</span> <span class='ocrx_word' id='word_1_184' title='bbox 823 1926 923 1965; x_wconf 87' lang='lat' dir='ltr'>dum</span> <span class='ocrx_word' id='word_1_185' title='bbox 960 1927 1058 1967; x_wconf 77' lang='lat' dir='ltr'>radii</span> <span class='ocrx_word' id='word_1_186' title='bbox 1093 1940 1144 1968; x_wconf 87' lang='lat' dir='ltr'>ex</span> <span class='ocrx_word' id='word_1_187' title='bbox 1188 1930 1278 1968; x_wconf 81' lang='lat' dir='ltr'>a‘e‘rc</span> <span class='ocrx_word' id='word_1_188' title='bbox 1317 1929 1354 1968; x_wconf 91' lang='lat' dir='ltr'>in</span> <span class='ocrx_word' id='word_1_189' title='bbox 1392 1927 1501 1967; x_wconf 74' lang='lat' dir='ltr'>aliud</span> <span class='ocrx_word' id='word_1_190' title='bbox 1556 1927 1737 1967; x_wconf 86' lang='lat' dir='ltr'>medinm</span> 
     </span>
     <span class='ocr_line' id='line_1_27' title="bbox 475 1987 1736 2046; baseline 0.006 -24"><span class='ocrx_word' id='word_1_191' title='bbox 475 1987 743 2041; x_wconf 80' lang='lat' dir='ltr'>quodcunque</span> <span class='ocrx_word' id='word_1_192' title='bbox 779 1991 1116 2032; x_wconf 82' lang='lat' dir='ltr'>transmittuntur</span> <span class='ocrx_word' id='word_1_193' title='bbox 1138 2024 1148 2043; x_wconf 89' lang='lat'>‚</span> <span class='ocrx_word' id='word_1_194' title='bbox 1181 2006 1257 2046; x_wconf 88' lang='lat' dir='ltr'>pro</span> <span class='ocrx_word' id='word_1_195' title='bbox 1290 1994 1432 2034; x_wconf 86' lang='lat' dir='ltr'>eodem</span> <span class='ocrx_word' id='word_1_196' title='bbox 1471 1991 1636 2033; x_wconf 77' lang='lat' dir='ltr'>transitu</span> <span class='ocrx_word' id='word_1_197' title='bbox 1671 2003 1736 2030; x_wconf 83' lang='lat' dir='ltr'>re-</span> 
     </span>
     <span class='ocr_line' id='line_1_28' title="bbox 475 2049 1438 2113; baseline 0.005 -21"><span class='ocrx_word' id='word_1_198' title='bbox 475 2049 711 2092; x_wconf 64' lang='lat' dir='ltr'>fractionem</span> <span class='ocrx_word' id='word_1_199' title='bbox 743 2065 972 2099; x_wconf 80' lang='lat' dir='ltr'>extremam</span> <span class='ocrx_word' id='word_1_200' title='bbox 1008 2067 1225 2113; x_wconf 60' lang='lat' dir='ltr'>Vtramque</span> <span class='ocrx_word' id='word_1_201' title='bbox 1256 2057 1438 2100; x_wconf 80' lang='lat' dir='ltr'>desinire.</span> 
     </span>
    </p>
   </div>
   <div class='ocr_carea' id='block_1_5' title="bbox 1561 2150 1732 2194">
    <p class='ocr_par' dir='ltr' id='par_1_5' title="bbox 1561 2150 1732 2194">
     <span class='ocr_line' id='line_1_29' title="bbox 1561 2150 1732 2194; baseline -0.006 0"><span class='ocrx_word' id='word_1_202' title='bbox 1561 2150 1732 2194; x_wconf 86' lang='lat' dir='ltr'>Solutio.</span> 
     </span>
    </p>
   </div>
  </div>
 </body>
</html>
