2008 2735
596 203 677 242 49-
880 186 977 228 DE
1045 187 1595 233 FORMATIONE

593 307 679 346 nito
699 306 730 345 {e
751 303 880 354 habet,
901 301 984 357 (fig.
1006 300 1061 358 7.)
1082 303 1337 355 intelligitur.
1391 305 1622 357 marginem
1643 307 1779 346 sont-ae
1799 307 1858 346 su-

595 380 798 425 periorem
824 378 863 407 et
898 368 1097 408 sinistrum
1136 369 1277 411 babere
1311 382 1425 411 oram
1461 372 1713 410 eminentem
1748 369 1859 410 vidi-

595 445 695 474 mus.
765 431 970 472 Dextrum
1008 445 1104 473 vero
1141 435 1241 473 latus
1276 435 1444 487 piamun
1481 434 1563 475 effe.
1638 434 1859 475 Nimirum

593 498 736 549 vagina
772 498 914 548 capitis
956 508 1051 537 cum
1100 498 1326 549 embryone
1377 500 1595 549 deorsnm;
1655 499 1859 539 sinistrum

592 561 694 602 latus
726 562 982 602 dextrorsum
1021 562 1130 614 super
1166 563 1390 614 marginem
1425 563 1651 614 dextrum3
1688 563 1761 605 hoc
1790 574 1861 603 ve-

594 639 640 667 ro
674 626 774 667 latus
809 636 947 666 contra
985 625 1248 668 sinistrorsum
1285 629 1393 666 intus
1427 629 1657 668 retrahitur.
1756 627 1860 668 Hine

591 703 688 744 ergo
726 692 762 731 in
798 692 940 732 dextro
974 691 1110 732 foueac
1147 690 1268 734 latere
1305 690 1488 745 planities
1523 693 1757 742 necessario,
1796 692 1861 731 vel

592 755 692 795 leuis
745 759 970 797 conc-auitas
1022 755 1120 796 adeo
1177 766 1217 797 et
1253 757 1292 796 in
1330 755 1486 796 sinistro
1521 756 1642 798 latere
1673 766 1714 798 et
1749 768 1862 797 mar·

589 821 686 873 gine
720 821 914 876 superiori
949 820 1130 861 eminens
1161 833 1231 863 ora
1268 822 1518 875 producitur.
1606 822 1862 876 Compar-en-

593 894 661 926 tur
697 885 765 939 fig.
805 896 842 936 ς.
881 887 922 927 6.
957 894 999 935 7.

369 1019 542 1062 Singulare
742 1015 775 1065 ς,
813 1024 913 1063 105.
968 1014 1079 1057 Hauc
1114 1015 1313 1059 aetione‘n
1341 1048 1351 1068 ,
1402 1030 1525 1072 quam
1561 1017 1760 1061 effectibus
1792 1018 1864 1059 de-

369 1069 465 1103 huius
495 1071 542 1103 rei
591 1077 746 1132 scriptis
779 1079 1044 1120 determinaui
1067 1111 1077 1130 ,
1127 1093 1222 1120 vere
1257 1082 1437 1120 obtinere
1460 1111 1471 1130 ,
1525 1084 1599 1121 sola
1642 1096 1743 1121 vena
1793 1082 1863 1121 ad·

369 1120 555 1204 {isterimcn-
590 1144 804 1194 scendenS,
853 1146 1015 1198 eiusque
1070 1144 1165 1184 situs
1219 1144 1394 1184 mutatio
1445 1145 1699 1185 demonstrat.
1802 1144 1863 1184 Ea

370 1198 456 1268 (1:ng
480 1232 514 1266 5,
533 1232 566 1264 g.
589 1208 701 1246 enim
737 1208 876 1258 primo
908 1218 1093 1259 tempore
1125 1218 1177 1245 ex
1213 1219 1314 1245 vena
1350 1208 1555 1246 terminali
1589 1208 1769 1249 collectis
1799 1221 1862 1247 ra-

368 1270 426 1314 fig.
455 1272 487 1304 6.
523 1283 568 1304 w·
591 1270 744 1311 dicibus
779 1271 976 1311 deseendit
1012 1272 1128 1310 iuxta
1162 1270 1354 1319 vaginam
1389 1268 1553 1322 capim,
1587 1272 1634 1312 ad
1668 1270 1865 1311 dextrum

368 1320 425 1367 fig.
456 1331 491 1368 7·
522 1322 568 1367 θ’)
590 1335 675 1377 eius
708 1334 827 1376 latus.
932 1334 1048 1376 Dum
1084 1333 1130 1374 ad
1166 1335 1373 1384 regionem
1410 1333 1534 1374 baseos
1571 1334 1738 1385 vaginae
1774 1348 1866 1390 per-

591 1402 740 1450 venit,
789 1412 883 1440 arcu
937 1399 1042 1440 fileto
1093 1399 1230 1438 versus
1281 1399 1548 1451 embryoncm
1590 1398 1716 1439 tendit
1749 1400 1864 1440 etin

591 1465 673 1519 ipsit
708 1466 875 1515 vaginae
907 1463 983 1504 bafi
1019 1461 1086 1505 vel
1124 1461 1246 1517 paulo
1280 1462 1393 1517 super
1426 1475 1513 1503 eam
1549 1465 1626 1504 fere
1660 1473 1863 1506 transuer-

591 1530 724 1571 saliter
761 1530 1022 1583 progreditur
1058 1540 1184 1582 vsque
1219 1527 1337 1582 super
1368 1527 1544 1570 limbum
1590 1528 1756 1579 foueae3
1809 1530 1864 1571 ibi

592 1594 849 1635 membranae
884 1594 1053 1645 vaginae
1086 1593 1120 1633 se
1156 1593 1370 1646 immergit
1405 1603 1445 1634 ct
1475 1591 1669 1634 euanescit
1705 1590 1790 1647 (fig.
1824 1604 1862 1643 ς.

586 1657 658 1712 g.).
725 1658 774 1699 In
807 1658 1030 1708 embryone
1066 1656 1311 1709 proucffiori
1349 1667 1431 1699 tota
1467 1656 1560 1703 haec
1610 1659 1865 1699 membranae

591 1733 682 1776 pars
703 1753 714 1774 ‚
749 1734 850 1775 quae
881 1735 1029 1763 venam
1064 1722 1274 1774 continet,
1316 1723 1508 1775 vaginam
1543 1722 1683 1775 capitis
1714 1724 1864 1763 consti-

591 1787 674 1827 tuit
727 1786 893 1840 ipsam,
942 1796 982 1826 et
1036 1798 1136 1826 vena
1190 1785 1231 1826 in
1287 1789 1419 1829 media
1453 1786 1659 1842 superficie
1695 1789 1861 1839 vaginae

591 1850 825 1903 descendit3
873 1861 986 1894 certo
1021 1851 1253 1892 testimonio
1274 1881 1285 1902 ‚
1323 1854 1596 1894 membranam
1630 1863 1680 1891 ex
1713 1853 1861 1894 dextro

591 1915 716 1956 latere
750 1916 1015 1960 sinistrorsum
1050 1915 1124 1955 ess‘e
1158 1927 1405 1968 promotam.
1503 1916 1601 1958 Inde
1643 1916 1709 1956 ista
1760 1928 1861 1958 vena

591 1992 685 2020 arcu
721 1980 823 2022 {iusto
858 1983 897 2022 in
933 1982 1066 2036 ipsum
1110 1978 1286 2021 limbum
1340 1984 1471 2023 foueae
1525 1983 1773 2035 superiorem
1826 1981 1861 2021 se

592 2044 809 2096 immergit
844 2043 933 2099 (fig.
973 2047 1052 2092 6.).
1138 2043 1329 2100 Denique
1361 2047 1401 2086 in
1436 2044 1700 2087 adultioribus
1735 2045 1862 2085 subie-

592 2107 667 2151 stis
703 2107 797 2163 (fig.
834 2108 890 2167 7.)
924 2122 1025 2155 vena
1058 2108 1323 2155 descendendo
1353 2112 1468 2169 super
1502 2111 1676 2156 limbum
1724 2110 1857 2211 foucge

1717 2181 1804 2210 trau
1841 2177 1856 2209 t
