2008 2735
598 176 758 234 ··>&21·{)
794 191 821 220 0
858 175 873 234 (
905 179 1022 229 ἓίεέω
1354 189 1441 230 39¹

553 291 1069 336 SPECIMEN

217 382 1409 448 ORYCTOGRAPHIAE

172 494 995 604 STARA-RVS{[{1{SB}S
1045 496 1141 539 ET
1194 490 1450 540 LACVS

662 694 955 736 Auctore

393 805 453 852 D.
520 810 554 852 1.
624 810 674 852 G.
742 806 1226 852 LEHMANNO.

234 935 323 991 Τοῑ]
355 946 492 988 omnis
526 946 601 988 fert
633 947 772 986 omnia
805 943 924 986 tellus
945 974 956 994 ‚
985 944 1041 984 est
1075 952 1193 984 vetus
1227 943 1420 995 adagium
1440 971 1457 994 ‚

299 1019 404 1064 quod
438 1012 556 1051 omni
606 1021 658 1050 ex
713 1020 826 1062 parte
873 1008 1148 1060 experientiae
1201 1010 1452 1062 respondet,

167 1078 443 1127 cuiuscunque
475 1073 590 1123 regni
623 1082 790 1114 naturae
818 1072 1012 1126 producta
1032 1072 1269 1125 spectemus.
1336 1072 1451 1125 Ope-

167 1151 232 1179 rae
269 1140 399 1191 igitur
436 1139 616 1192 pretium
651 1137 861 1179 duxerunt
897 1137 1132 1190 complures
1171 1138 1231 1178 rei
1284 1148 1452 1178 natura-

170 1202 221 1244 lis
256 1213 459 1243 amatores
480 1233 491 1251 ‚
541 1214 649 1241 nunc
682 1204 822 1244 Floras
857 1215 960 1243 nunc
997 1203 1153 1243 Faunas
1194 1210 1235 1240 et
1286 1199 1454 1242 Zoolo·

166 1269 267 1319 gius,
300 1277 406 1307 nunc
428 1266 782 1320 Orystographias
818 1269 1053 1320 Regionum
1074 1299 1085 1317 ‚
1120 1266 1451 1318 prouinciarum,

168 1333 432 1386 Oppidorum
456 1361 468 1382 ,
520 1331 776 1374 conscribere.
878 1333 966 1372 Hoc
1012 1331 1226 1382 negotium
1261 1331 1450 1384 quamuis

167 1398 449 1450 compluribus
484 1399 823 1450 iuperuacancum
860 1398 1048 1437 videatur
1070 1428 1081 1443 ,
1140 1408 1220 1435 non
1251 1397 1450 1447 exiguam

168 1474 303 1504 tamen
336 1460 561 1503 vtilitatem
599 1464 639 1502 in
676 1461 947 1502 commodum
985 1459 1194 1514 publicum
1229 1472 1354 1513 aeque
1405 1473 1449 1501 ac

167 1529 208 1569 in
245 1530 420 1569 scientias
454 1526 633 1567 conferre
667 1528 806 1580 potest.
881 1526 979 1568 Non
1017 1524 1330 1576 indignabuntur
1365 1524 1447 1576 igi-

170 1603 237 1633 tur
273 1591 376 1634 mihi
413 1590 583 1631 lectores
604 1624 614 1643 ‚
650 1593 812 1645 quando
843 1592 883 1630 in
919 1590 1230 1644 praesentiarum
1266 1589 1447 1630 nonnul-

163 1658 219 1698 las
269 1657 564 1699 obseruationes
613 1655 925 1709 Oryc'tologicas
978 1654 1017 1694 in
1069 1655 1344 1708 nuperrimo,
1396 1666 1448 1695 ex

166 1725 355 1764 mandato
387 1722 703 1774 Augustiffimae
738 1722 889 1763 nostrae
911 1755 922 1772 ‚
967 1732 987 1760 a
1023 1732 1089 1761 me
1124 1716 1445 1761 stara-Rumam

165 1787 269 1827 faeto
304 1789 444 1828 itinere
479 1788 665 1828 collectas
687 1819 697 1836 ‚
751 1799 847 1827 cum
882 1789 940 1826 eis
972 1786 1249 1825 communico.
1352 1782 1447 1824 No-

164 1861 251 1891 tum
286 1852 338 1892 est
373 1853 580 1904 lngriam‚
617 1853 825 1893 Estoniam
862 1861 902 1890 et
939 1849 1216 1901 Principatum
1254 1845 1447 1899 Nowgo-

162 1916 370 1956 rodensem
405 1919 608 1958 fertilitate
641 1916 876 1971 complures
910 1914 1006 1957 alias
1041 1918 1223 1965 {uperare
1265 1913 1443 1964 prouin-

162 1981 241 2021 cias
265 2011 276 2029 ‚
312 1979 481 2021 flumina
516 1984 627 2022 enim
663 1981 735 2021 has
772 1980 998 2034 prouincias
1034 1978 1245 2028 irrigantia
1269 2007 1281 2025 ‚
1332 1977 1441 2018 lacus

162 2054 202 2085 et
238 2045 364 2097 stagna
403 2047 569 2100 pilcibus
601 2046 840 2086 abundantia
865 2076 875 2095 ,
928 2053 1040 2096 prata
1079 2041 1313 2082 multifariis
1344 2042 1444 2083 lier-

162 2109 306 2151 barum
340 2120 382 2151 et
416 2111 567 2154 florum
601 2111 812 2163 gen<ribus
844 2108 1110 2163 superbientia
1132 2138 1144 2161 ‚
1201 2105 1327 2149 siluae
1361 2107 1444 2147 fere

1342 2183 1440 2212 con-
