2008 2735
539 179 631 220 330
766 159 1031 206 EXAMEN
1066 160 1281 205 THEOR.
1319 160 1594 208 MAGNET.

535 291 606 323 tur
639 280 678 320 in
711 279 851 332 quouis
886 284 1100 329 magnete,
1156 277 1409 331 prismaticac
1442 279 1597 332 figurae
1634 280 1701 330 <de
1737 284 1801 329 his

534 347 646 388 enim
682 343 771 385 solis
806 344 914 385 nobis
946 341 1079 383 sermo
1109 343 1206 387 erit)
1239 343 1371 396 locus,
1408 345 1474 384 vbi
1510 345 1585 387 hoc
1615 359 1801 390 centrum

536 411 812 462 magneticum
862 405 916 448 est
940 437 951 457 ‚
995 415 1116 460 atque
1162 407 1208 447 ad
1243 407 1344 450 hanc
1379 410 1649 462 quaestionem
1684 412 1804 455 Cele-

534 474 632 515 bcrr.
672 474 857 523 Mayerus
888 473 1061 512 omnino
1094 471 1211 512 aliter
1243 474 1451 527 respondet
1486 488 1527 516 ac
1579 488 1655 528 ego
1704 482 1805 519 fece-

534 550 636 580 ram.
721 537 828 578 Data
862 537 975 577 enim
1009 547 1132 588 opera
1154 566 1165 586 ‚
1215 536 1258 576 in
1293 537 1515 580 Tentamine
1550 540 1622 581 Th.
1661 541 1802 583 Elec‘t‘r.

533 612 571 643 et
623 602 911 656 Magnetis-mi,
960 602 1109 654 saepius
1160 604 1335 655 monui,
1389 614 1576 644 centrum
1637 619 1806 659 magne-

534 667 665 708 ticum
719 680 800 708 non
851 667 1007 720 semper
1058 666 1101 706 in
1154 666 1293 718 virgae
1346 669 1482 709 medio
1531 667 1653 710 situm
1696 671 1809 724 esse,

531 743 662 786 neque
696 741 854 787 partem
890 732 1014 773 boreo
1047 731 1322 783 magnetismo
1353 733 1575 786 praeditam
1599 764 1610 784 ‚
1659 748 1806 789 aequa-

530 794 582 836 lis
613 795 686 838 effe
718 797 989 851 longitudinis
1021 809 1117 838 cum
1152 805 1264 849 parte
1285 827 1297 847 ‚
1337 798 1496 839 australi
1534 801 1808 850 magnetismo

533 860 702 902 imbuta.
801 860 1000 904 Celeberr.
1035 871 1175 903 autem
1213 860 1403 913 querus
1429 893 1441 914 ‚
1471 861 1581 917 quasi
1617 875 1806 905 centrum

532 926 848 978 magneticum‚
896 937 993 966 cum
1043 935 1183 967 centro
1233 925 1503 978 longitudinis
1550 928 1691 981 virgae
1737 938 1809 970 aut

533 990 740 1043 pr‘smatis
772 988 912 1031 exacte
943 991 1102 1044 semper
1132 990 1346 1030 conueniat
1366 1023 1378 1043 ,
1412 993 1581 1034 statuere
1615 1007 1697 1036 non
1730 995 1807 1035 du-

534 1052 692 1096 bitauit.

685 1147 832 1190 Nescio
881 1160 929 1189 an
980 1159 1050 1201 per
1099 1145 1343 1197 ratiocinia,
1392 1160 1441 1188 an
1487 1161 1558 1202 per
1591 1148 1808 1191 methodos

533 1211 724 1264 vulgares
776 1211 908 1252 situm'
953 1211 1077 1251 huius
1127 1212 1254 1251 centri
1308 1214 1565 1252 examinandi
1628 1215 1809 1254 ieduetus

531 1277 654 1318 suerit
689 1274 896 1325 Mayerus.
965 1276 1014 1318 Id
1048 1284 1155 1315 certe
1185 1274 1293 1324 icio,
1324 1275 1366 1314 in
1402 1275 1655 1325 magnetibus
1690 1288 1809 1316 natu-

532 1340 678 1384 ralibus
713 1339 913 1382 rariffime
935 1369 946 1391 ,
980 1342 1098 1392 inque
1132 1337 1270 1379 ferreis
1304 1338 1563 1391 prismatibus
1597 1348 1680 1381 arte
1719 1353 1809 1382 ma·

532 1403 810 1459 guetificatis,
862 1404 934 1446 vix
987 1414 1202 1456 vnquam,
1249 1401 1323 1442 nisi
1379 1401 1594 1445 methodus
1634 1404 1808 1458 duplicis

530 1469 739 1512 contaetus
773 1469 826 1515 (la
860 1467 989 1510 double
1024 1465 1195 1519 Tbtfche)
1242 1467 1416 1508 adhibita
1467 1468 1587 1509 fuerit
1608 1499 1619 1520 ‚
1670 1468 1806 1522 legem

531 1534 578 1575 ab
609 1534 695 1588 ipso
727 1543 922 1588 tanquam
956 1532 1154 1584 generalis
1186 1531 1278 1573 effet
1300 1565 1311 1585 ‚
1362 1531 1572 1573 stabilitam
1599 1563 1609 1583 ‚
1663 1534 1804 1575 locum

532 1597 688 1641 habere.
790 1598 850 1638 Vt
902 1596 1026 1638 fidem
1068 1597 1200 1638 verbis
1233 1597 1377 1639 faciam
1401 1628 1412 1648 ,
1464 1596 1702 1638 methodum
1741 1599 1807 1640 hic

534 1663 746 1712 indicabo,
779 1674 857 1716 qua
891 1663 938 1704 ad
973 1661 1295 1714 inuestigandum
1332 1660 1455 1703 fitum
1490 1663 1614 1702 centri
1639 1675 1806 1715 magne·

533 1728 603 1769 tici
640 1728 700 1770 vti
738 1726 877 1776 soleo,
921 1738 1022 1772 Quae
1057 1727 1113 1766 ita
1148 1726 1278 1768 secura
1313 1728 1363 1768 est
1388 1759 1400 1779 ,
1450 1738 1495 1769 vt
1531 1728 1571 1767 in
1606 1728 1806 1768 determi-

532 1792 665 1835 nando
700 1791 822 1846 ipsius
858 1790 971 1843 loco,
1002 1803 1186 1831 errorem
1220 1790 1485 1845 longitudinis
1524 1793 1644 1833 vuius
1679 1792 1807 1835 lineae

533 1858 901 1912 pertimescendum
936 1869 1020 1898 non
1056 1855 1238 1897 habeam.

684 1953 920 2005 Magnetem
955 1962 1026 1995 aut
1060 1954 1350 1994 ferramentum
1385 1953 1663 2004 magneticum
1711 1965 1806 1994 exa-

534 2015 636 2058 mini
671 2018 959 2061 subiiciendum
983 2051 995 2069 ‚
1027 2017 1190 2059 chartae
1223 2018 1392 2058 mundae
1427 2018 1524 2059 {olio
1558 2030 1676 2071 tego,
1697 2018 1805 2072 quod

533 2081 643 2126 scobe
675 2083 798 2125 furca
832 2086 994 2127 consero
1014 2114 1026 2136 ,
1076 2094 1196 2139 atque
1231 2083 1316 2139 post
1350 2083 1458 2125 leues
1503 2083 1654 2138 aliquas
1704 2094 1806 2187 estim-

1663 2157 1710 2185 cu
1748 2158 1808 2187 ιο-
