2008 2735
489 169 578 209 302
645 154 728 198 DE
762 153 1005 197 EXCEPT.
1039 154 1246 199 CALOR.
1280 155 1613 201 COMMVNIC.

490 282 572 313 tera
609 271 650 312 in
701 269 953 311 obliuionem
1009 273 1213 322 veniunt,
1264 281 1303 312 et
1356 273 1466 327 saepe
1521 285 1596 327 pro
1645 276 1758 313 nouis

493 337 754 377 venditantur
788 335 907 388 idque
942 338 1092 389 partim
1129 338 1228 378 bona
1264 336 1341 377 fide
1363 369 1373 389 ‚
1417 340 1514 379 dum
1551 337 1663 377 libris
1698 350 1759 377 ra—

489 403 663 443 rioribus
697 401 987 449 continentur,
1018 402 1169 455 partim
1209 401 1476 456 negligentia,
1510 404 1610 444 dum
1646 403 1762 442 nouis

487 475 647 508 tantum
687 466 829 506 intenti
866 473 1003 506 vetera
1041 465 1297 518 negligimus.

637 530 782 586 Quum
835 529 966 582 gloria
1019 531 1265 579 inuentionis
1319 534 1441 574 tribui
1498 532 1558 573 illi
1612 531 1732 573 soleat
1754 563 1764 582 ,

484 596 555 650 qui
592 596 808 637 inuentum
873 608 1059 648 primum
1114 596 1372 650 publicauit,
1422 599 1613 652 quamuis
1660 598 1763 638 alter

483 672 605 715 aeque
637 662 814 717 proprio
848 658 982 701 Marte
1018 662 1058 704 id
1094 662 1247 703 eruerit
1269 694 1280 714 ,
1329 664 1505 717 adeoque
1547 676 1643 704 vere
1696 663 1762 701 in-

482 728 644 767 venerit
676 727 724 768 de
774 737 918 777 n0u0‚
973 735 1140 780 propter
1196 729 1470 779 ignorantiam
1525 741 1604 769 non
1655 727 1767 768 facile

487 791 756 834 vincibilem:
793 802 917 845 aquae
951 804 1031 832 non
1067 790 1266 833 bullientis
1300 794 1342 833 in
1376 794 1505 833 media
1538 792 1733 833 bulliente
1755 821 1765 841 ,

485 855 736 898 inuentionis
767 855 899 909 gloria
942 855 1004 898 illi
1062 857 1174 898 facile
1223 870 1244 898 a
1298 870 1395 910 me,
1445 858 1563 911 idque
1616 857 1765 897 merito

485 923 740 963 concedetur.
840 919 984 975 Quum
1034 934 1135 963 vero
1193 922 1415 963 rationibus
1447 936 1528 963 nou
1561 932 1766 963 comtem-

489 987 630 1028 nendis
663 985 808 1026 duetus
840 985 1073 1024 existimem
1097 1016 1108 1035 ‚
1140 985 1457 1027 differtationem
1497 1000 1630 1028 meam
1655 985 1765 1027 mul-

488 1057 528 1089 ta
563 1059 765 1104 praeterea
797 1060 899 1088 noua
936 1047 1215 1102 phaenomena
1237 1080 1247 1098 ‚
1306 1060 1346 1088 et
1382 1051 1456 1090 ali-,1
1494 1063 1596 1089 noua
1632 1051 1765 1089 conti-

489 1125 616 1154 nere:
667 1113 764 1168 Spes
817 1124 882 1152 me
936 1121 1043 1152 tenet
1078 1115 1161 1152 fore
1198 1124 1245 1152 τε
1279 1124 1401 1153 nemo
1437 1112 1549 1153 filcile
1586 1112 1764 1153 laborem

486 1176 597 1220 hunc
633 1191 772 1220 meum
808 1189 884 1230 pro
918 1175 1120 1230 superfluo
1156 1175 1204 1216 (it
1240 1177 1458 1218 habiturus.

639 1242 777 1283 Citare
812 1253 971 1294 quoque
1009 1240 1270 1294 potuiss'emus
1322 1243 1384 1280 vti
1437 1251 1542 1279 nunc
1595 1241 1765 1280 demum

487 1305 608 1346 video
629 1337 640 1357 ‚
695 1304 970 1347 Richmannum
1007 1306 1047 1344 in
1081 1318 1129 1346 eo
1152 1335 1163 1355 ‚
1214 1305 1318 1356 quod
1353 1305 1400 1344 ad
1437 1303 1766 1356 phaenomenum

488 1381 611 1424 aquae
643 1370 820 1419 attinet,
872 1369 932 1410 sed
968 1368 1131 1410 Comm.
1170 1370 1285 1410 nostr.
1322 1369 1446 1408 Tom.
1484 1368 1561 1409 lV.
1594 1369 1641 1409 ad
1679 1381 1768 1409 ma-

487 1446 597 1486 nus,
630 1448 757 1489 quum
791 1432 887 1474 haec
924 1434 1208 1482 scriberemus,
1243 1446 1323 1473 non
1356 1433 1455 1484 fuit,
1491 1433 1530 1473 in
1563 1446 1643 1486 quo
1676 1435 1767 1487 qui·

489 1499 585 1540 dem
620 1500 666 1540 de
705 1499 784 1541 hoc
837 1498 1150 1552 phaenomeno,
1200 1500 1259 1540 scd
1319 1511 1399 1538 non
1449 1510 1500 1538 ex
1550 1497 1734 1540 instituto
1761 1527 1772 1548 ,

491 1564 632 1604 ae'tum
668 1565 754 1616 est,
806 1573 846 1604 et
884 1576 958 1617 pro
993 1574 1159 1603 naturae
1197 1563 1391 1615 mysterio
1425 1561 1553 1604 adhuc
1621 1561 1766 1603 liaben-

490 1627 592 1668 dum
625 1627 716 1678 effe,
749 1628 904 1669 dictum
944 1626 1274 1680 phaenomemim
1315 1627 1545 1670 declaratur.

641 1692 848 1735 Iudicium
887 1693 1017 1744 igitur
1047 1703 1160 1734 antea
1197 1692 1328 1732 latum
1352 1725 1363 1743 ‚
1426 1691 1494 1735 hic
1531 1692 1665 1734 valere
1697 1695 1767 1735 de-

491 1756 582 1799 bere
603 1787 615 1810 ‚
647 1760 740 1814 quis
773 1760 857 1810 est,
891 1758 960 1814 qui
996 1770 1075 1800 non
1110 1755 1358 1813 peripiciat?

1667 2142 1768 2187 DE
