2008 2735
338 171 712 216 PERTVRBATI
750 170 1177 217 PLANETARVM.
1301 186 1317 214 1
1333 183 1389 222 37

700 283 824 326 VIII.

277 376 380 416 Hinc
430 375 554 427 igitur
609 375 746 428 primo
794 373 988 414 discimus
1040 374 1307 415 variationem
1352 374 1393 415 in

126 440 385 482 inclinatione
417 441 566 480 orbitae
600 450 733 489 ortam
768 438 832 479 dm
874 439 1031 492 semper
1067 439 1120 479 ita
1166 441 1334 494 pendere
1371 452 1392 478 a

124 516 347 556 variatione
397 513 523 553 lineae
572 513 773 553 nodorum
809 512 887 561 dxl)
924 523 970 553 vt
1005 512 1053 553 sit
1087 497 1393 572 dfflzdfflg'ffm;

123 582 188 622 seu
224 581 522 619 incrementum
557 577 831 619 inclinationis
866 577 901 617 se
935 577 1090 619 habebit
1124 579 1170 618 ad
1223 591 1394 632 promo·

124 647 275 686 tionem
316 643 440 683 lineae
481 642 714 692 nodorum,
767 652 813 681 vt
866 641 972 682 sinus
1024 641 1295 684 inclinationis
1346 643 1392 685 ad

123 719 351 760 tangentem
387 708 619 759 argumenti
656 707 911 758 latitudini53
948 708 1053 749 vnde
1073 707 1274 763 sequentia
1292 719 1393 750 con-

122 773 281 816 lectaria
315 772 597 812 deducuntur:

271 854 322 900 1⁰.
358 858 399 899 Si
436 869 728 911 argumentum
764 855 990 899 latitudinis
1022 871 1054 898 σ·
1088 857 1138 899 sit
1173 858 1240 899 vel
1295 858 1392 899 nul-

123 924 213 965 lum
244 924 311 964 vel
345 924 388 962 6⁵
422 926 488 964 vbi
521 923 697 964 latitudo
731 924 783 962 est
818 923 929 963 nulla
954 953 964 971 ‚
998 923 1148 964 lineam
1187 924 1391 964 nodorum

121 991 318 1044 quiescere
339 1019 350 1038 ,
381 988 648 1040 quantumuis
684 987 833 1025 interca
870 987 1055 1025 varietur
1090 984 1316 1026 inclinatio.

270 1067 324 1112 2⁰.
379 1071 421 1112 Si
474 1080 770 1123 argumentum
824 1069 1051 1111 latitudinis
1093 1081 1124 1110 0·
1161 1070 1210 1112 sit
1245 1072 1311 1113 vel
1351 1072 1390 1118 3⁸

117 1136 184 1179 vel
236 1137 298 1188 9³,
350 1137 415 1177 seu
469 1146 733 1188 tango-:m
785 1135 851 1174 vbi
887 1133 1062 1176 latitudo
1103 1136 1156 1177 est
1192 1138 1396 1188 maxima,

117 1213 209 1243 tum
247 1200 552 1241 inclinationem
590 1199 750 1240 nullam
793 1202 1063 1240 mutationem
1101 1202 1206 1254 pati3
1259 1215 1388 1257 quan-

120 1266 277 1307 tumuis
314 1266 463 1305 interea
493 1264 601 1306 linea
636 1265 838 1307 nodorum
876 1266 942 1306 vel
987 1266 1269 1320 progrediatur
1321 1265 1390 1307 vel

119 1329 382 1383 regrediatur.

272 1424 329 1479 3⁰.
365 1429 405 1471 Si
441 1439 732 1482 argumentum
770 1430 996 1472 latitudinis
1028 1445 1058 1470 0·
1094 1431 1160 1472 vel
1196 1430 1300 1472 intra
1335 1430 1389 1472 li-

120 1493 239 1533 mites
273 1495 315 1534 0³
348 1504 387 1534 et
420 1495 456 1542 3³
495 1496 560 1535 vel
597 1495 701 1535 intra
735 1495 775 1531 65
809 1506 847 1534 et
903 1495 942 1544 9ς
993 1497 1223 1535 continetur
1247 1526 1257 1545 ‚
1310 1495 1388 1536 hoc

117 1558 170 1598 est
203 1559 304 1599 dum
341 1558 513 1599 latitudo
546 1562 685 1602 crescit
707 1590 717 1608 ‚
752 1568 843 1597 tum
880 1558 1188 1598 inclinationem
1224 1573 1251 1598 ω
1283 1572 1390 1603 cres-

116 1633 227 1673 cere,
259 1621 456 1676 siquidem
494 1622 597 1663 linea
633 1624 836 1665 nodorum
869 1623 1152 1675 progrediatur
1174 1653 1186 1674 ‚
1220 1621 1277 1662 sm
1312 1636 1388 1664 au-

117 1697 199 1728 tem
235 1688 488 1739 regrediatur
508 1719 519 1739 ,
551 1687 856 1728 inclinationem
890 1687 1122 1728 decrescere.

265 1768 321 1822 4⁶.
358 1773 400 1815 Si
435 1782 728 1826 argumentum
765 1771 992 1813 latitudinis
1025 1784 1055 1811 ο·
1089 1771 1156 1811 vel
1193 1771 1298 1813 intra
1332 1771 1391 1812 li-

120 1837 236 1876 mites
272 1838 313 1885 35
343 1849 384 1878 et
419 1839 462 1877 6ς
494 1838 560 1879 vel
599 1839 702 1878 intra
742 1836 781 1884 9¹
814 1846 854 1876 et
895 1835 964 1874 12⁸
997 1836 1228 1876 continetur
1250 1867 1261 1886 ‚
1307 1835 1386 1877 hoc

119 1902 170 1942 est
220 1901 318 1941 dum
371 1902 543 1945 latitudo
576 1901 788 1951 decrescit,
835 1911 927 1941 tum
964 1900 1248 1953 progrediente
1282 1901 1386 1942 linea

119 1967 322 2008 nodorum
357 1966 656 2009 inclinationem
693 1966 925 2018 imminui,
957 1978 1002 2005 ea
1036 1977 1136 2006 vero
1155 1965 1384 2018 regredien-

120 2041 159 2072 te
190 2031 345 2082 augeri.

178 2157 721 2201 Tom.XII.Nou.Comm.
963 2154 991 2200 S
1111 2164 1113 2167 “
1303 2157 1383 2200 ΙΧ.
