2008 2735
366 163 442 205 ET
487 161 826 206 ORICHALCO
859 162 1238 211 MAGNETICO.
1342 178 1430 220 371

157 279 252 320 talla
286 287 323 318 ct
359 277 554 320 minet-alia
587 277 775 317 continens
800 307 810 327 ‚
843 290 924 318 cum
956 286 1070 333 cupro
1089 277 1214 332 susum
1257 278 1443 321 Oria-hal-

161 358 241 386 cum
277 343 491 396 corstitucns
511 372 523 394 ,
552 348 624 395 per
656 339 938 394 destillationem
970 355 1062 384 vero
1094 355 1241 384 zincum
1263 346 1444 396 fundens.

320 459 464 500 Omnis
498 456 600 512 lapis
633 456 888 497 calaminaris
940 467 1157 512 antequam
1210 459 1258 499 ad
1311 456 1443 499 confi-

163 523 351 570 ciendum
403 521 673 563 Orichalcum
725 520 936 561 adhibetur
967 552 978 572 ,
1041 521 1262 564 calcinatur
1293 554 1303 574 ‚
1364 536 1445 563 non

164 583 320 630 tantum
356 596 402 627 vt
437 586 635 642 superflua
671 584 894 628 humiditas
949 587 1192 642 plerumque
1246 587 1317 641 ipsl
1372 590 1444 630 ad-

163 652 322 694 haerens
357 654 632 702 extrudatur,
668 663 816 692 verum
850 653 976 693 etiam
1013 662 1059 693 vt
1100 652 1269 693 mollior
1304 662 1344 693 et
1380 663 1443 693 te-

160 720 296 758 nerior
331 717 638 771 reiuetionique
673 717 803 767 magis
855 717 1039 759 obediens
1088 717 1290 759 reddatur.
1391 718 1442 759 In

157 781 230 824 hac
266 782 528 822 calcinatione
561 780 673 824 color
707 780 793 820 cius
828 790 875 821 vt
931 782 1166 835 plurimum
1222 792 1408 823 mutatur
1429 813 1441 834 ‚

162 847 214 886 ita
256 858 297 887 vt
333 857 416 898 quo
452 847 580 898 magis
614 845 736 887 fuerit
794 845 990 887 martialis
1013 878 1024 899 ‚
1075 858 1124 889 eo
1177 847 1439 890 rubicundior

158 912 298 952 euadat
333 922 372 952 et
407 923 554 954 contra.

309 1022 432 1072 Lapis
465 1021 719 1062 calaminaris
750 1017 827 1060 hoc
870 1019 995 1062 modo
1048 1019 1266 1061 calcinatus
1319 1022 1440 1062 certis

158 1083 460 1126 Encheirifibus
493 1086 648 1127 serrum
685 1082 884 1137 exhibet,
933 1087 1120 1139 quamuis
1162 1086 1336 1128 omnino
1389 1097 1442 1127 ex

157 1160 242 1193 ,vno
277 1149 362 1188 eius
397 1161 540 1202 genere
574 1150 665 1203 plus
699 1162 822 1204 quam
859 1161 911 1190 ex
946 1151 1076 1192 altero
1110 1152 1288 1193 exsudet.
1374 1151 1443 1192 Ex

159 1210 369 1253 nonnullis
428 1226 501 1267 per
551 1213 768 1265 vulgarem
823 1214 1107 1256 Docimafiam
1160 1227 1210 1256 ne
1267 1227 1443 1266 granum

159 1277 322 1330 quidem
377 1276 468 1317 ferri
524 1277 719 1329 elicitur,
771 1278 844 1319 nisi
893 1279 1126 1333 operosiora
1161 1281 1444 1334 experimenta

159 1342 227 1382 via
260 1339 430 1382 humida
468 1343 727 1384 instituantur
749 1374 760 1395 ‚
798 1344 1128 1398 praemittantur.

309 1457 341 1506 §.
376 1459 417 1495 6.
455 1455 521 1496 Ex
557 1454 616 1495 his
655 1455 874 1509 praemissis
908 1456 1015 1497 ratio
1048 1464 1158 1510 patet
1210 1466 1286 1495 cur
1338 1467 1445 1497 non-

162 1521 272 1561 nulla
305 1519 510 1562 Orichalci
545 1532 687 1571 genera
723 1521 945 1573 magnetica
972 1551 983 1571 ,
1023 1519 1237 1573 complura
1273 1532 1445 1572 magne-

162 1587 272 1626 tismi
308 1586 486 1640 expertia
520 1586 790 1636 obstruentur.
890 1586 982 1635 Ego
1017 1593 1064 1624 vt
1098 1583 1223 1623 huius
1258 1584 1316 1623 rei
1351 1597 1442 1625 ctr-

160 1653 244 1693 tior
281 1649 422 1691 fierem
461 1652 659 1704 sequentia
695 1649 848 1690 institui
884 1649 1162 1703 experimenta
1189 1677 1200 1698 ,
1250 1659 1346 1688 cum
1383 1648 1444 1689 la-

164 1717 255 1770 pide
288 1716 519 1757 calaminari
557 1714 704 1758 diuersi
739 1714 895 1767 generis
949 1712 1146 1754 calcinato
1194 1722 1235 1752 et
1284 1713 1443 1768 crudo,

165 1792 260 1821 cum
298 1781 464 1822 cadmiis
498 1779 705 1821 fornacum
742 1780 916 1821 diuersae
950 1777 1098 1819 indolis
1120 1808 1131 1827 ‚
1185 1789 1279 1819 cum
1314 1790 1442 1830 cupro

164 1855 203 1884 et
236 1843 422 1886 limatura
457 1847 597 1886 martis
635 1846 844 1900 puriffima
866 1876 876 1896 ‚
929 1857 1027 1885 cum
1084 1843 1264 1894 pseudo·
1291 1841 1444 1892 galenis

164 1908 341 1950 diuersis.
438 1912 670 1964 Antequam
731 1924 831 1952 xero
862 1910 907 1951 ad
945 1908 1298 1951 enumerationem
1337 1907 1445 1960 ipso-

164 1985 260 2014 rum
297 1974 477 2015 accedam
523 1975 907 2032 experimentorum
932 2005 944 2027 ,
992 1971 1192 2028 sequentia
1241 1974 1442 2026 praemit-

159 2041 275 2082 tenda
307 2039 454 2082 censeo.
1432 2054 1434 2057 v

726 2134 914 2195 ¹Aaa2
1311 2146 1440 2205 1)Ex
