2008 2735
592 224 676 261 500
870 211 970 253 DE
1036 212 1590 257 FORMATIONE

380 343 512 374 Horum
725 327 754 375 §.
799 336 904 375 115.
958 326 1007 368 In
1041 329 1308 381 descriptione
1341 329 1452 370 enim
1484 328 1613 369 amnii
1651 327 1776 381 spurii
1815 326 1860 383 (§.

376 392 523 439 phaeno-
587 386 670 441 cit.)
706 390 914 440 vidimus,
950 390 1026 431 hoc
1061 393 1195 443 oriri,
1248 395 1350 436 dum
1384 396 1616 436 membrana
1654 405 1765 434 arcae
1800 395 1864 434 in-

375 453 552 527 Teilioru'm
586 456 705 496 ferior
728 487 738 506 ‚
793 455 990 510 superiori
1042 457 1255 498 adhaerens
1281 490 1292 510 ,
1345 472 1414 513 per
1449 471 1582 499 aream
1621 457 1864 512 pellucidam

380 507 438 542 ”²9
455 502 559 528 mmm
586 521 796 561 continuat
847 522 1046 577 superque
1093 523 1279 563 amnium
1333 536 1479 564 verum
1531 524 1666 577 ipium
1724 521 1864 564 transit

586 587 717 639 quoad
752 587 983 627 maximam
1029 596 1188 640 partem
1211 618 1224 638 ,
1274 588 1441 643 indeque
1475 588 1644 629 demum
1681 588 1749 629 sub
1790 599 1865 628 an·

585 649 686 702 gulo
737 652 967 693 acutiffimo
1017 651 1241 692 reflectitur
1290 654 1393 695 circa
1444 655 1632 695 amnium
1688 665 1863 702 verum,

585 715 741 756 bullam
807 718 1060 771 producendo
1119 715 1290 769 largam.
1387 717 1540 773 Quodsi
1599 730 1706 760 nunc
1768 716 1864 758 haec

586 784 822 823 membrana
858 783 1023 824 inferior
1059 794 1081 822 a
1122 781 1321 836 luperiori
1376 781 1545 823 ioluitut
1598 793 1639 824 et
1685 781 1862 833 seceditq

584 844 731 886 necesse
787 845 911 889 fimul
960 848 1073 897 erit,
1120 856 1168 887 vt
1217 849 1264 888 ab
1314 849 1458 888 amnio
1490 859 1590 888 vero
1622 846 1860 888 retrahatur.

585 908 683 950 Inde
716 923 817 962 ergo
851 912 928 956 hoc
961 912 1262 964 denudabitur,
1312 922 1355 953 et
1406 912 1448 952 in
1501 924 1588 952 area
1644 913 1740 952 viua
1791 923 1863 964 per

583 975 836 1026 superiorem
885 976 1199 1026 membranam,
1248 989 1325 1030 qua
1379 987 1487 1016 nunc
1540 975 1621 1019 sola
1675 977 1863 1028 tegitur,

584 1037 862 1090 pellucidam,
914 1042 1206 1092 transparebit‚
1257 1044 1542 1093 integrumque
1598 1041 1640 1081 in
1693 1041 1864 1093 conspe·

584 1099 697 1141 (tum
751 1103 876 1142 venit.
978 1103 1101 1145 Nunc
1152 1104 1385 1144 membrana
1420 1105 1588 1144 interior
1623 1115 1673 1142 ne
1705 1105 1859 1145 limites

584 1166 750 1218 quidem
787 1168 914 1209 amnii
953 1168 1042 1208 veri
1076 1168 1243 1218 attingit
1266 1199 1278 1217 ‚
1322 1171 1432 1218 quod
1465 1177 1557 1208 ante
1591 1167 1668 1207 fere
1717 1176 1858 1208 totum

583 1227 839 1279 superauerat
860 1259 872 1276 ‚
905 1232 1003 1282 quin
1040 1230 1175 1282 potius
1197 1259 1209 1276 ‚
1256 1229 1424 1280 aliquod
1458 1230 1541 1267 iam
1576 1229 1623 1266 ab
1657 1230 1739 1268 illis
1769 1231 1860 1282 spa·

585 1294 692 1333 tium
724 1324 735 1344 ,
789 1293 919 1333 laxata
966 1306 988 1334 a
1040 1292 1235 1347 superiori
1288 1291 1462 1342 secedit,
1511 1302 1740 1344 verumque
1790 1297 1857 1336 iub

582 1359 769 1399 amnium
805 1359 948 1410 rugosa
980 1357 1186 1399 descendit.
1254 1357 1342 1397 Hoc
1373 1368 1473 1409 crgo
1505 1356 1603 1396 dum
1641 1355 1690 1395 fit
1711 1388 1722 1407 ‚
1770 1356 1857 1409 spa-

581 1421 734 1464 tiolum
770 1424 871 1464 circa
906 1425 1094 1464 amnium
1128 1434 1275 1463 verum
1309 1421 1442 1462 oritur
1465 1451 1477 1470 ‚
1526 1420 1601 1462 sola
1657 1421 1853 1473 pellucida

581 1488 814 1528 membrana
850 1486 1041 1541 superior:
1077 1498 1338 1541 occupatum.
1403 1486 1491 1527 Hoc
1520 1496 1621 1537 ergo
1650 1485 1852 1528 annulum

579 1550 704 1594 illum
741 1552 991 1604 pellucidum
1025 1556 1147 1593 refert
1167 1585 1179 1604 ,
1208 1553 1256 1594 de
1281 1563 1364 1605 quo
1390 1552 1431 1592 in
1459 1549 1726 1603 superioribus
1751 1552 1852 1593 dixi.

579 1614 771 1669 Denique
817 1616 931 1657 facile
982 1626 1123 1669 patet,
1170 1630 1214 1657 ea
1263 1616 1342 1668 ipsa
1395 1614 1592 1656 secessione
1647 1616 1852 1656 membra-

582 1692 729 1720 narum
766 1680 918 1722 bullam
954 1683 1218 1732 euanescere,
1248 1679 1395 1722 necesse
1424 1679 1510 1721 elle.
1610 1677 1697 1719 Nec
1733 1693 1813 1720 non
1839 1711 1852 1731 ,

577 1756 654 1796 qua
689 1745 844 1786 ratione
877 1758 897 1785 a
934 1747 1164 1788 membrana
1198 1746 1413 1794 inferiori,
1447 1743 1643 1786 iecedente
1675 1755 1696 1783 a
1731 1745 1848 1797 supe-

577 1809 713 1861 riori,
761 1820 802 1851 et
861 1810 1002 1851 sensim
1038 1811 1265 1851 declinante
1295 1811 1409 1851 fouea
1443 1808 1611 1849 rotunda
1647 1809 1846 1861 produca-

576 1884 680 1923 tur,
733 1876 774 1915 in
825 1887 904 1928 qua
953 1879 1138 1917 amnium
1193 1887 1342 1916 verum
1384 1873 1599 1926 recipiatur
1632 1873 1847 1914 subrotun-

575 1938 674 1978 dum
707 1970 720 1988 ‚
769 1938 959 1981 inflatum
992 1972 1004 1991 ,
1057 1941 1306 1995 pellucidum
1336 1971 1350 1988 ,
1396 1939 1553 1993 liquore
1606 1937 1846 1991 repletum,

578 2003 780 2056 suumque
812 2007 1023 2046 continens
1050 2006 1333 2058 embryonem.

373 2070 555 2109 Quomodo
732 2069 764 2118 ς.
810 2075 908 2111 116.
960 2069 1002 2112 Si
1057 2084 1163 2112 nunc
1213 2083 1300 2112 area
1348 2069 1388 2110 in
1420 2066 1625 2122 superficie
1659 2065 1840 2108 inferiori

364 2131 516 2205 22:10le
578 2133 833 2175 examinatur
855 2165 868 2186 ‚
921 2133 1012 2177 loco
1064 2135 1194 2178 bullae
1228 2133 1334 2177 nihil
1369 2133 1480 2175 vides
1514 2142 1673 2188 practer
1706 2141 1838 2168 mem-

520 2193 528 2197 “
1177 2212 1179 2214 -
1669 2192 1833 2231 branam
