<?xml version="1.0" encoding="UTF-8"?>
<!DOCTYPE html PUBLIC "-//W3C//DTD XHTML 1.0 Transitional//EN"
    "http://www.w3.org/TR/xhtml1/DTD/xhtml1-transitional.dtd">
<html xmlns="http://www.w3.org/1999/xhtml" xml:lang="en" lang="en">
 <head>
  <title>
</title>
<meta http-equiv="Content-Type" content="text/html;charset=utf-8" />
  <meta name='ocr-system' content='tesseract 3.04.00' />
  <meta name='ocr-capabilities' content='ocr_page ocr_carea ocr_par ocr_line ocrx_word'/>
</head>
<body>
  <div class='ocr_page' id='page_1' title='image "./novicommentariac12impe_0497.png"; bbox 0 0 2008 2735; ppageno 0'>
   <div class='ocr_carea' id='block_1_1' title="bbox 365 150 1409 205">
    <p class='ocr_par' dir='ltr' id='par_1_1' title="bbox 365 150 1409 205">
     <span class='ocr_line' id='line_1_1' title="bbox 365 150 1409 205; baseline 0.003 -10"><span class='ocrx_word' id='word_1_1' title='bbox 365 150 1200 198; x_wconf 86' lang='lat' dir='ltr'><strong>INTESTINORVM.</strong></span> <span class='ocrx_word' id='word_1_2' title='bbox 1320 164 1409 205; x_wconf 84' lang='lat'>435</span> 
     </span>
    </p>
   </div>
   <div class='ocr_carea' id='block_1_2' title="bbox 140 266 1439 2191">
    <p class='ocr_par' dir='ltr' id='par_1_2' title="bbox 140 266 1439 2131">
     <span class='ocr_line' id='line_1_2' title="bbox 141 266 1416 322; baseline -0.002 -12"><span class='ocrx_word' id='word_1_3' title='bbox 141 271 182 310; x_wconf 90' lang='lat' dir='ltr'>in</span> <span class='ocrx_word' id='word_1_4' title='bbox 218 266 338 322; x_wconf 75' lang='lat' dir='ltr'>plano</span> <span class='ocrx_word' id='word_1_5' title='bbox 375 269 557 309; x_wconf 75' lang='lat' dir='ltr'>versatur</span> <span class='ocrx_word' id='word_1_6' title='bbox 578 299 588 319; x_wconf 91' lang='lat'>,</span> <span class='ocrx_word' id='word_1_7' title='bbox 631 267 738 322; x_wconf 89' lang='lat' dir='ltr'>quod</span> <span class='ocrx_word' id='word_1_8' title='bbox 773 267 1000 319; x_wconf 83' lang='lat' dir='ltr'>embryone</span> <span class='ocrx_word' id='word_1_9' title='bbox 1036 277 1195 309; x_wconf 83' lang='lat' dir='ltr'>tantum</span> <span class='ocrx_word' id='word_1_10' title='bbox 1231 268 1416 322; x_wconf 81' lang='lat' dir='ltr'>superius</span> 
     </span>
     <span class='ocr_line' id='line_1_3' title="bbox 140 333 1417 386; baseline -0.002 -11"><span class='ocrx_word' id='word_1_11' title='bbox 140 337 225 385; x_wconf 82' lang='lat' dir='ltr'>cst,</span> <span class='ocrx_word' id='word_1_12' title='bbox 276 344 473 386; x_wconf 77' lang='lat' dir='ltr'>quantum</span> <span class='ocrx_word' id='word_1_13' title='bbox 507 335 592 374; x_wconf 87' lang='lat' dir='ltr'>eius</span> <span class='ocrx_word' id='word_1_14' title='bbox 626 342 667 372; x_wconf 86' lang='lat' dir='ltr'>et</span> <span class='ocrx_word' id='word_1_15' title='bbox 717 334 879 384; x_wconf 64' lang='lat' dir='ltr'>amnii&#39;,</span> <span class='ocrx_word' id='word_1_16' title='bbox 928 333 995 373; x_wconf 90' lang='lat' dir='ltr'>cui</span> <span class='ocrx_word' id='word_1_17' title='bbox 1048 333 1178 385; x_wconf 81' lang='lat' dir='ltr'>inest,</span> <span class='ocrx_word' id='word_1_18' title='bbox 1229 334 1417 374; x_wconf 79' lang='lat' dir='ltr'>craffitics</span> 
     </span>
     <span class='ocr_line' id='line_1_4' title="bbox 142 397 1418 453; baseline -0.002 -14"><span class='ocrx_word' id='word_1_19' title='bbox 142 400 314 453; x_wconf 80' lang='lat' dir='ltr'>requirit</span> <span class='ocrx_word' id='word_1_20' title='bbox 336 429 346 449; x_wconf 92' lang='lat'>,</span> <span class='ocrx_word' id='word_1_21' title='bbox 401 408 447 438; x_wconf 78' lang='lat' dir='ltr'>vt</span> <span class='ocrx_word' id='word_1_22' title='bbox 491 398 608 452; x_wconf 84' lang='lat' dir='ltr'>super</span> <span class='ocrx_word' id='word_1_23' title='bbox 641 409 737 437; x_wconf 86' lang='lat' dir='ltr'>cum</span> <span class='ocrx_word' id='word_1_24' title='bbox 775 397 941 438; x_wconf 76' lang='lat' dir='ltr'>transire</span> <span class='ocrx_word' id='word_1_25' title='bbox 974 398 1139 452; x_wconf 74' lang='lat' dir='ltr'>eiusque</span> <span class='ocrx_word' id='word_1_26' title='bbox 1173 399 1314 439; x_wconf 60' lang='lat' dir='ltr'>fiiciem</span> <span class='ocrx_word' id='word_1_27' title='bbox 1350 400 1418 438; x_wconf 75' lang='lat' dir='ltr'>su-</span> 
     </span>
     <span class='ocr_line' id='line_1_5' title="bbox 142 462 1418 519; baseline 0.001 -16"><span class='ocrx_word' id='word_1_28' title='bbox 142 465 349 519; x_wconf 88' lang='lat' dir='ltr'>periorem</span> <span class='ocrx_word' id='word_1_29' title='bbox 396 472 557 514; x_wconf 76' lang='lat' dir='ltr'>tangere</span> <span class='ocrx_word' id='word_1_30' title='bbox 607 462 763 516; x_wconf 77' lang='lat' dir='ltr'>poffet3</span> <span class='ocrx_word' id='word_1_31' title='bbox 817 471 976 503; x_wconf 86' lang='lat' dir='ltr'>tantum</span> <span class='ocrx_word' id='word_1_32' title='bbox 1030 473 1159 516; x_wconf 82' lang='lat' dir='ltr'>ergo,</span> <span class='ocrx_word' id='word_1_33' title='bbox 1213 474 1418 517; x_wconf 78' lang='lat' dir='ltr'>quantum</span> 
     </span>
     <span class='ocr_line' id='line_1_6' title="bbox 142 520 1430 581; baseline -0.001 -11"><span class='ocrx_word' id='word_1_34' title='bbox 142 530 322 570; x_wconf 78' lang='lat' dir='ltr'>exterior</span> <span class='ocrx_word' id='word_1_35' title='bbox 357 531 587 569; x_wconf 64' lang='lat' dir='ltr'>membr-„ina</span> <span class='ocrx_word' id='word_1_36' title='bbox 624 529 805 581; x_wconf 83' lang='lat' dir='ltr'>[uperior</span> <span class='ocrx_word' id='word_1_37' title='bbox 839 528 893 568; x_wconf 85' lang='lat' dir='ltr'>est</span> <span class='ocrx_word' id='word_1_38' title='bbox 918 558 930 578; x_wconf 85' lang='lat'>,</span> <span class='ocrx_word' id='word_1_39' title='bbox 977 539 1077 581; x_wconf 82' lang='lat' dir='ltr'>quac</span> <span class='ocrx_word' id='word_1_40' title='bbox 1113 538 1208 567; x_wconf 74' lang='lat' dir='ltr'>vere</span> <span class='ocrx_word' id='word_1_41' title='bbox 1246 527 1385 569; x_wconf 67' lang='lat' dir='ltr'>transit</span> <span class='ocrx_word' id='word_1_42' title='bbox 1408 520 1430 576; x_wconf 55' lang='grc'>,”</span> 
     </span>
     <span class='ocr_line' id='line_1_7' title="bbox 142 591 1421 647; baseline -0.001 -14"><span class='ocrx_word' id='word_1_43' title='bbox 142 606 181 635; x_wconf 90' lang='lat' dir='ltr'>ct</span> <span class='ocrx_word' id='word_1_44' title='bbox 218 605 309 633; x_wconf 78' lang='lat' dir='ltr'>vere</span> <span class='ocrx_word' id='word_1_45' title='bbox 342 593 468 632; x_wconf 82' lang='lat' dir='ltr'>amuii</span> <span class='ocrx_word' id='word_1_46' title='bbox 507 594 648 633; x_wconf 76' lang='lat' dir='ltr'>faciem</span> <span class='ocrx_word' id='word_1_47' title='bbox 685 594 932 647; x_wconf 80' lang='lat' dir='ltr'>superiorem</span> <span class='ocrx_word' id='word_1_48' title='bbox 970 594 1111 645; x_wconf 82' lang='lat' dir='ltr'>tangit.</span> <span class='ocrx_word' id='word_1_49' title='bbox 1180 591 1228 632; x_wconf 89' lang='lat' dir='ltr'>In</span> <span class='ocrx_word' id='word_1_50' title='bbox 1264 605 1312 632; x_wconf 84' lang='lat' dir='ltr'>co</span> <span class='ocrx_word' id='word_1_51' title='bbox 1333 592 1421 646; x_wconf 75' lang='lat' dir='ltr'>pla-</span> 
     </span>
     <span class='ocr_line' id='line_1_8' title="bbox 143 656 1419 711; baseline -0.001 -12"><span class='ocrx_word' id='word_1_52' title='bbox 143 672 195 699; x_wconf 89' lang='lat' dir='ltr'>no</span> <span class='ocrx_word' id='word_1_53' title='bbox 227 669 362 697; x_wconf 74' lang='lat' dir='ltr'>arcam</span> <span class='ocrx_word' id='word_1_54' title='bbox 399 656 647 710; x_wconf 67' lang='lat' dir='ltr'>pzllucidzun</span> <span class='ocrx_word' id='word_1_55' title='bbox 687 658 920 711; x_wconf 80' lang='lat' dir='ltr'>percurrit,</span> <span class='ocrx_word' id='word_1_56' title='bbox 983 668 1154 710; x_wconf 78' lang='lat' dir='ltr'>eamque</span> <span class='ocrx_word' id='word_1_57' title='bbox 1188 668 1269 697; x_wconf 84' lang='lat' dir='ltr'>vna</span> <span class='ocrx_word' id='word_1_58' title='bbox 1319 670 1419 698; x_wconf 88' lang='lat' dir='ltr'>cum</span> 
     </span>
     <span class='ocr_line' id='line_1_9' title="bbox 142 721 1422 773; baseline -0.002 -10"><span class='ocrx_word' id='word_1_59' title='bbox 142 723 335 763; x_wconf 82' lang='lat' dir='ltr'>exteriori</span> <span class='ocrx_word' id='word_1_60' title='bbox 361 752 371 772; x_wconf 92' lang='lat'>,</span> <span class='ocrx_word' id='word_1_61' title='bbox 403 723 467 761; x_wconf 88' lang='lat' dir='ltr'>cui</span> <span class='ocrx_word' id='word_1_62' title='bbox 502 722 735 773; x_wconf 79' lang='lat' dir='ltr'>contiguam</span> <span class='ocrx_word' id='word_1_63' title='bbox 772 721 845 762; x_wconf 82' lang='lat' dir='ltr'>effe</span> <span class='ocrx_word' id='word_1_64' title='bbox 879 722 1000 773; x_wconf 83' lang='lat' dir='ltr'>dixi,</span> <span class='ocrx_word' id='word_1_65' title='bbox 1052 721 1272 763; x_wconf 78' lang='lat' dir='ltr'>constituit.</span> <span class='ocrx_word' id='word_1_66' title='bbox 1372 721 1422 763; x_wconf 84' lang='lat' dir='ltr'>In</span> 
     </span>
     <span class='ocr_line' id='line_1_10' title="bbox 144 786 1421 840; baseline -0.002 -12"><span class='ocrx_word' id='word_1_67' title='bbox 144 788 286 828; x_wconf 80' lang='lat' dir='ltr'>eodem</span> <span class='ocrx_word' id='word_1_68' title='bbox 322 799 446 840; x_wconf 87' lang='lat' dir='ltr'>porro</span> <span class='ocrx_word' id='word_1_69' title='bbox 478 788 525 827; x_wconf 83' lang='lat' dir='ltr'>ad</span> <span class='ocrx_word' id='word_1_70' title='bbox 558 786 714 826; x_wconf 83' lang='lat' dir='ltr'>limites</span> <span class='ocrx_word' id='word_1_71' title='bbox 745 787 873 827; x_wconf 78' lang='lat' dir='ltr'>amnii</span> <span class='ocrx_word' id='word_1_72' title='bbox 909 796 949 826; x_wconf 88' lang='lat' dir='ltr'>et</span> <span class='ocrx_word' id='word_1_73' title='bbox 984 787 1220 838; x_wconf 82' lang='lat' dir='ltr'>embryonis</span> <span class='ocrx_word' id='word_1_74' title='bbox 1241 817 1252 836; x_wconf 89' lang='lat'>,</span> <span class='ocrx_word' id='word_1_75' title='bbox 1298 787 1338 826; x_wconf 94' lang='lat' dir='ltr'>in</span> <span class='ocrx_word' id='word_1_76' title='bbox 1373 798 1421 826; x_wconf 94' lang='lat' dir='ltr'>co</span> 
     </span>
     <span class='ocr_line' id='line_1_11' title="bbox 145 851 1424 905; baseline -0.002 -12"><span class='ocrx_word' id='word_1_77' title='bbox 145 853 326 893; x_wconf 85' lang='lat' dir='ltr'>contenti</span> <span class='ocrx_word' id='word_1_78' title='bbox 352 882 362 900; x_wconf 88' lang='lat'>,</span> <span class='ocrx_word' id='word_1_79' title='bbox 396 853 612 904; x_wconf 78' lang='lat' dir='ltr'>peruenit,</span> <span class='ocrx_word' id='word_1_80' title='bbox 653 864 799 905; x_wconf 75' lang='lat' dir='ltr'>cosque</span> <span class='ocrx_word' id='word_1_81' title='bbox 836 852 990 893; x_wconf 87' lang='lat' dir='ltr'>limites</span> <span class='ocrx_word' id='word_1_82' title='bbox 1025 863 1119 893; x_wconf 82' lang='lat' dir='ltr'>vere</span> <span class='ocrx_word' id='word_1_83' title='bbox 1154 851 1293 892; x_wconf 81' lang='lat' dir='ltr'>transit</span> <span class='ocrx_word' id='word_1_84' title='bbox 1330 863 1424 904; x_wconf 84' lang='lat' dir='ltr'>par·</span> 
     </span>
     <span class='ocr_line' id='line_1_12' title="bbox 147 915 1426 970; baseline 0.001 -15"><span class='ocrx_word' id='word_1_85' title='bbox 147 926 310 970; x_wconf 82' lang='lat' dir='ltr'>temque</span> <span class='ocrx_word' id='word_1_86' title='bbox 345 916 565 957; x_wconf 77' lang='lat' dir='ltr'>notabilem</span> <span class='ocrx_word' id='word_1_87' title='bbox 603 918 731 956; x_wconf 83' lang='lat' dir='ltr'>amnii</span> <span class='ocrx_word' id='word_1_88' title='bbox 763 915 833 956; x_wconf 76' lang='lat' dir='ltr'>hac</span> <span class='ocrx_word' id='word_1_89' title='bbox 869 917 1024 956; x_wconf 81' lang='lat' dir='ltr'>ratione</span> <span class='ocrx_word' id='word_1_90' title='bbox 1078 916 1234 969; x_wconf 81' lang='lat' dir='ltr'>superat</span> <span class='ocrx_word' id='word_1_91' title='bbox 1257 947 1268 967; x_wconf 90' lang='lat'>‚</span> <span class='ocrx_word' id='word_1_92' title='bbox 1318 916 1426 956; x_wconf 88' lang='lat' dir='ltr'>sem-</span> 
     </span>
     <span class='ocr_line' id='line_1_13' title="bbox 145 978 1427 1033; baseline 0 -14"><span class='ocrx_word' id='word_1_93' title='bbox 145 993 217 1033; x_wconf 83' lang='lat' dir='ltr'>per</span> <span class='ocrx_word' id='word_1_94' title='bbox 250 981 446 1020; x_wconf 79' lang='lat' dir='ltr'>exteriori</span> <span class='ocrx_word' id='word_1_95' title='bbox 482 981 673 1029; x_wconf 81' lang='lat' dir='ltr'>contigua</span> <span class='ocrx_word' id='word_1_96' title='bbox 697 1009 707 1028; x_wconf 93' lang='lat'><strong>‚</strong></span> <span class='ocrx_word' id='word_1_97' title='bbox 755 978 866 1032; x_wconf 81' lang='lat' dir='ltr'>quasl</span> <span class='ocrx_word' id='word_1_98' title='bbox 902 991 982 1019; x_wconf 87' lang='lat' dir='ltr'>vna</span> <span class='ocrx_word' id='word_1_99' title='bbox 1015 991 1110 1020; x_wconf 89' lang='lat' dir='ltr'>cum</span> <span class='ocrx_word' id='word_1_100' title='bbox 1167 980 1307 1019; x_wconf 81' lang='lat' dir='ltr'>eadem</span> <span class='ocrx_word' id='word_1_101' title='bbox 1359 988 1427 1019; x_wconf 83' lang='lat' dir='ltr'>to-</span> 
     </span>
     <span class='ocr_line' id='line_1_14' title="bbox 148 1040 1426 1095; baseline -0.001 -12"><span class='ocrx_word' id='word_1_102' title='bbox 148 1053 240 1084; x_wconf 88' lang='lat' dir='ltr'>tum</span> <span class='ocrx_word' id='word_1_103' title='bbox 277 1054 467 1083; x_wconf 82' lang='lat' dir='ltr'>amnium</span> <span class='ocrx_word' id='word_1_104' title='bbox 501 1043 738 1093; x_wconf 81' lang='lat' dir='ltr'>embryonis</span> <span class='ocrx_word' id='word_1_105' title='bbox 773 1041 1000 1083; x_wconf 70' lang='lat' dir='ltr'>subiecstum</span> <span class='ocrx_word' id='word_1_106' title='bbox 1035 1040 1202 1083; x_wconf 84' lang='lat' dir='ltr'>tranfire</span> <span class='ocrx_word' id='word_1_107' title='bbox 1236 1052 1278 1082; x_wconf 87' lang='lat' dir='ltr'>et</span> <span class='ocrx_word' id='word_1_108' title='bbox 1313 1051 1426 1095; x_wconf 85' lang='lat' dir='ltr'><strong>tege·</strong></span> 
     </span>
     <span class='ocr_line' id='line_1_15' title="bbox 144 1106 1430 1161; baseline 0.001 -14"><span class='ocrx_word' id='word_1_109' title='bbox 144 1119 188 1147; x_wconf 87' lang='lat' dir='ltr'>re</span> <span class='ocrx_word' id='word_1_110' title='bbox 220 1106 313 1147; x_wconf 76' lang='lat' dir='ltr'><strong>esset</strong></span> <span class='ocrx_word' id='word_1_111' title='bbox 345 1107 493 1146; x_wconf 82' lang='lat' dir='ltr'>futura.</span> <span class='ocrx_word' id='word_1_112' title='bbox 563 1106 782 1159; x_wconf 86' lang='lat' dir='ltr'>Exiguum</span> <span class='ocrx_word' id='word_1_113' title='bbox 819 1115 980 1148; x_wconf 83' lang='lat' dir='ltr'>tantum</span> <span class='ocrx_word' id='word_1_114' title='bbox 1016 1108 1058 1148; x_wconf 90' lang='lat' dir='ltr'>in</span> <span class='ocrx_word' id='word_1_115' title='bbox 1091 1108 1221 1148; x_wconf 81' lang='lat' dir='ltr'>amnii</span> <span class='ocrx_word' id='word_1_116' title='bbox 1256 1106 1430 1161; x_wconf 83' lang='lat' dir='ltr'>superfi-</span> 
     </span>
     <span class='ocr_line' id='line_1_16' title="bbox 145 1171 1430 1226; baseline -0.001 -12"><span class='ocrx_word' id='word_1_117' title='bbox 145 1173 206 1214; x_wconf 90' lang='lat' dir='ltr'>cie</span> <span class='ocrx_word' id='word_1_118' title='bbox 241 1172 440 1224; x_wconf 84' lang='lat' dir='ltr'>superiori</span> <span class='ocrx_word' id='word_1_119' title='bbox 477 1172 652 1224; x_wconf 75' lang='lat' dir='ltr'>spatium</span> <span class='ocrx_word' id='word_1_120' title='bbox 688 1172 871 1212; x_wconf 84' lang='lat' dir='ltr'>medium</span> <span class='ocrx_word' id='word_1_121' title='bbox 907 1171 1156 1226; x_wconf 86' lang='lat' dir='ltr'>relinquitur</span> <span class='ocrx_word' id='word_1_122' title='bbox 1178 1202 1190 1222; x_wconf 93' lang='lat'>‚</span> <span class='ocrx_word' id='word_1_123' title='bbox 1243 1173 1352 1226; x_wconf 91' lang='lat' dir='ltr'>quod</span> <span class='ocrx_word' id='word_1_124' title='bbox 1384 1172 1430 1213; x_wconf 79' lang='lat' dir='ltr'>ab</span> 
     </span>
     <span class='ocr_line' id='line_1_17' title="bbox 149 1234 1429 1288; baseline 0 -13"><span class='ocrx_word' id='word_1_125' title='bbox 149 1235 217 1277; x_wconf 76' lang='lat' dir='ltr'>illa</span> <span class='ocrx_word' id='word_1_126' title='bbox 255 1235 487 1275; x_wconf 74' lang='lat' dir='ltr'>membrana</span> <span class='ocrx_word' id='word_1_127' title='bbox 523 1234 709 1275; x_wconf 88' lang='lat' dir='ltr'>interiori</span> <span class='ocrx_word' id='word_1_128' title='bbox 762 1248 841 1276; x_wconf 88' lang='lat' dir='ltr'>non</span> <span class='ocrx_word' id='word_1_129' title='bbox 901 1236 1095 1288; x_wconf 80' lang='lat' dir='ltr'>tangitur.</span> <span class='ocrx_word' id='word_1_130' title='bbox 1201 1235 1249 1276; x_wconf 89' lang='lat' dir='ltr'>In</span> <span class='ocrx_word' id='word_1_131' title='bbox 1301 1236 1429 1276; x_wconf 80' lang='lat' dir='ltr'>subse-</span> 
     </span>
     <span class='ocr_line' id='line_1_18' title="bbox 148 1298 1434 1353; baseline 0.002 -15"><span class='ocrx_word' id='word_1_132' title='bbox 148 1299 362 1353; x_wconf 79' lang='lat' dir='ltr'>quentibus</span> <span class='ocrx_word' id='word_1_133' title='bbox 396 1298 472 1337; x_wconf 84' lang='lat' dir='ltr'>hoc</span> <span class='ocrx_word' id='word_1_134' title='bbox 507 1299 683 1350; x_wconf 79' lang='lat' dir='ltr'>spatium</span> <span class='ocrx_word' id='word_1_135' title='bbox 719 1300 945 1341; x_wconf 76' lang='lat' dir='ltr'>accuratius</span> <span class='ocrx_word' id='word_1_136' title='bbox 992 1300 1220 1341; x_wconf 81' lang='lat' dir='ltr'>definietur.</span> <span class='ocrx_word' id='word_1_137' title='bbox 1322 1299 1434 1341; x_wconf 87' lang='lat' dir='ltr'>Post-</span> 
     </span>
     <span class='ocr_line' id='line_1_19' title="bbox 151 1362 1429 1419; baseline 0.002 -17"><span class='ocrx_word' id='word_1_138' title='bbox 151 1376 274 1417; x_wconf 79' lang='lat' dir='ltr'>quam</span> <span class='ocrx_word' id='word_1_139' title='bbox 311 1363 358 1403; x_wconf 85' lang='lat' dir='ltr'>ad</span> <span class='ocrx_word' id='word_1_140' title='bbox 395 1362 505 1403; x_wconf 85' lang='lat' dir='ltr'>hunc</span> <span class='ocrx_word' id='word_1_141' title='bbox 541 1365 769 1405; x_wconf 82' lang='lat' dir='ltr'>terminum</span> <span class='ocrx_word' id='word_1_142' title='bbox 806 1377 932 1419; x_wconf 68' lang='lat' dir='ltr'>Vsque</span> <span class='ocrx_word' id='word_1_143' title='bbox 971 1369 1204 1409; x_wconf 78' lang='lat' dir='ltr'>membrana</span> <span class='ocrx_word' id='word_1_144' title='bbox 1242 1365 1429 1419; x_wconf 82' lang='lat' dir='ltr'>peruenit</span> 
     </span>
     <span class='ocr_line' id='line_1_20' title="bbox 153 1426 1433 1482; baseline 0.002 -14"><span class='ocrx_word' id='word_1_145' title='bbox 153 1439 244 1468; x_wconf 87' lang='lat' dir='ltr'>tum</span> <span class='ocrx_word' id='word_1_146' title='bbox 281 1426 377 1468; x_wconf 89' lang='lat' dir='ltr'>ilico</span> <span class='ocrx_word' id='word_1_147' title='bbox 409 1426 631 1469; x_wconf 68' lang='lat' dir='ltr'>refleffitur</span> <span class='ocrx_word' id='word_1_148' title='bbox 653 1460 664 1478; x_wconf 87' lang='lat'><strong>‚</strong></span> <span class='ocrx_word' id='word_1_149' title='bbox 698 1429 850 1482; x_wconf 79' lang='lat' dir='ltr'>angulo</span> <span class='ocrx_word' id='word_1_150' title='bbox 885 1429 989 1470; x_wconf 62' lang='lat' dir='ltr'>fusto</span> <span class='ocrx_word' id='word_1_151' title='bbox 1022 1429 1279 1480; x_wconf 69' lang='lat' dir='ltr'>acutiss&#39;im05</span> <span class='ocrx_word' id='word_1_152' title='bbox 1313 1432 1433 1471; x_wconf 69' lang='lat' dir='ltr'>deor-</span> 
     </span>
     <span class='ocr_line' id='line_1_21' title="bbox 153 1493 1434 1548; baseline 0.002 -15"><span class='ocrx_word' id='word_1_153' title='bbox 153 1493 239 1533; x_wconf 82' lang='lat' dir='ltr'>sum</span> <span class='ocrx_word' id='word_1_154' title='bbox 275 1505 379 1533; x_wconf 86' lang='lat' dir='ltr'>nunc</span> <span class='ocrx_word' id='word_1_155' title='bbox 416 1493 581 1546; x_wconf 77' lang='lat' dir='ltr'>quidem</span> <span class='ocrx_word' id='word_1_156' title='bbox 618 1495 754 1548; x_wconf 84' lang='lat' dir='ltr'>petit,</span> <span class='ocrx_word' id='word_1_157' title='bbox 808 1506 848 1535; x_wconf 82' lang='lat' dir='ltr'>ct</span> <span class='ocrx_word' id='word_1_158' title='bbox 900 1496 1004 1534; x_wconf 82' lang='lat' dir='ltr'>circa</span> <span class='ocrx_word' id='word_1_159' title='bbox 1058 1494 1237 1534; x_wconf 84' lang='lat' dir='ltr'>limbum</span> <span class='ocrx_word' id='word_1_160' title='bbox 1287 1496 1434 1545; x_wconf 78' lang='lat' dir='ltr'>ammi,</span> 
     </span>
     <span class='ocr_line' id='line_1_22' title="bbox 154 1557 1435 1613; baseline 0.002 -16"><span class='ocrx_word' id='word_1_161' title='bbox 154 1557 258 1611; x_wconf 85' lang='lat' dir='ltr'>quod</span> <span class='ocrx_word' id='word_1_162' title='bbox 295 1558 571 1598; x_wconf 77' lang='lat' dir='ltr'>tcnuiiiimum</span> <span class='ocrx_word' id='word_1_163' title='bbox 607 1559 772 1613; x_wconf 86' lang='lat' dir='ltr'>quidem</span> <span class='ocrx_word' id='word_1_164' title='bbox 810 1560 864 1600; x_wconf 88' lang='lat' dir='ltr'>est</span> <span class='ocrx_word' id='word_1_165' title='bbox 887 1589 898 1608; x_wconf 87' lang='lat'>‚</span> <span class='ocrx_word' id='word_1_166' title='bbox 954 1569 994 1599; x_wconf 88' lang='lat' dir='ltr'>et</span> <span class='ocrx_word' id='word_1_167' title='bbox 1028 1559 1264 1610; x_wconf 72' lang='lat' dir='ltr'>embryonis</span> <span class='ocrx_word' id='word_1_168' title='bbox 1297 1564 1333 1601; x_wconf 79' lang='lat' dir='ltr'>se</span> <span class='ocrx_word' id='word_1_169' title='bbox 1369 1573 1435 1600; x_wconf 84' lang='lat' dir='ltr'>re-</span> 
     </span>
     <span class='ocr_line' id='line_1_23' title="bbox 156 1621 1435 1677; baseline 0 -14"><span class='ocrx_word' id='word_1_170' title='bbox 156 1622 324 1673; x_wconf 85' lang='lat' dir='ltr'>voluit,</span> <span class='ocrx_word' id='word_1_171' title='bbox 377 1635 502 1676; x_wconf 80' lang='lat' dir='ltr'>eaque</span> <span class='ocrx_word' id='word_1_172' title='bbox 554 1635 596 1663; x_wconf 86' lang='lat' dir='ltr'>rc</span> <span class='ocrx_word' id='word_1_173' title='bbox 644 1621 725 1676; x_wconf 67' lang='lat' dir='ltr'>ipih</span> <span class='ocrx_word' id='word_1_174' title='bbox 778 1623 820 1664; x_wconf 89' lang='lat' dir='ltr'>in</span> <span class='ocrx_word' id='word_1_175' title='bbox 866 1622 1070 1677; x_wconf 79' lang='lat' dir='ltr'>superficie</span> <span class='ocrx_word' id='word_1_176' title='bbox 1106 1621 1288 1664; x_wconf 81' lang='lat' dir='ltr'>infcriori</span> <span class='ocrx_word' id='word_1_177' title='bbox 1323 1636 1435 1665; x_wconf 77' lang='lat' dir='ltr'>areae</span> 
     </span>
     <span class='ocr_line' id='line_1_24' title="bbox 155 1686 1437 1739; baseline 0.001 -13"><span class='ocrx_word' id='word_1_178' title='bbox 155 1686 308 1726; x_wconf 71' lang='lat' dir='ltr'>bullam</span> <span class='ocrx_word' id='word_1_179' title='bbox 344 1688 448 1727; x_wconf 80' lang='lat' dir='ltr'>circa</span> <span class='ocrx_word' id='word_1_180' title='bbox 482 1688 748 1739; x_wconf 81' lang='lat' dir='ltr'>embryonem</span> <span class='ocrx_word' id='word_1_181' title='bbox 773 1719 784 1737; x_wconf 86' lang='lat'>,</span> <span class='ocrx_word' id='word_1_182' title='bbox 838 1688 1070 1730; x_wconf 77' lang='lat' dir='ltr'>tenuissimo</span> <span class='ocrx_word' id='word_1_183' title='bbox 1117 1690 1256 1729; x_wconf 77' lang='lat' dir='ltr'>ammio</span> <span class='ocrx_word' id='word_1_184' title='bbox 1306 1689 1437 1730; x_wconf 88' lang='lat' dir='ltr'>obdu-</span> 
     </span>
     <span class='ocr_line' id='line_1_25' title="bbox 158 1751 1437 1806; baseline 0.001 -15"><span class='ocrx_word' id='word_1_185' title='bbox 158 1751 272 1791; x_wconf 66' lang='lat' dir='ltr'>‹f&#39;tum</span> <span class='ocrx_word' id='word_1_186' title='bbox 295 1783 306 1801; x_wconf 88' lang='lat'>‚</span> <span class='ocrx_word' id='word_1_187' title='bbox 361 1754 506 1793; x_wconf 79' lang='lat' dir='ltr'>format</span> <span class='ocrx_word' id='word_1_188' title='bbox 530 1783 540 1802; x_wconf 90' lang='lat'>‚</span> <span class='ocrx_word' id='word_1_189' title='bbox 592 1755 817 1804; x_wconf 78' lang='lat' dir='ltr'>embryonc</span> <span class='ocrx_word' id='word_1_190' title='bbox 852 1763 892 1793; x_wconf 88' lang='lat' dir='ltr'>et</span> <span class='ocrx_word' id='word_1_191' title='bbox 927 1755 1066 1794; x_wconf 83' lang='lat' dir='ltr'>amnio</span> <span class='ocrx_word' id='word_1_192' title='bbox 1089 1784 1100 1803; x_wconf 88' lang='lat'><strong>‚</strong></span> <span class='ocrx_word' id='word_1_193' title='bbox 1139 1754 1247 1806; x_wconf 66' lang='lat' dir='ltr'>qnod</span> <span class='ocrx_word' id='word_1_194' title='bbox 1279 1755 1340 1794; x_wconf 78' lang='lat' dir='ltr'>vti</span> <span class='ocrx_word' id='word_1_195' title='bbox 1377 1762 1437 1793; x_wconf 84' lang='lat' dir='ltr'>te-</span> 
     </span>
     <span class='ocr_line' id='line_1_26' title="bbox 163 1817 1437 1873; baseline 0.003 -19"><span class='ocrx_word' id='word_1_196' title='bbox 163 1828 240 1854; x_wconf 85' lang='lat' dir='ltr'>nue</span> <span class='ocrx_word' id='word_1_197' title='bbox 265 1846 275 1862; x_wconf 88' lang='lat'>‚</span> <span class='ocrx_word' id='word_1_198' title='bbox 330 1817 381 1856; x_wconf 80' lang='lat' dir='ltr'>ita</span> <span class='ocrx_word' id='word_1_199' title='bbox 416 1818 629 1870; x_wconf 67' lang='lat' dir='ltr'>angustum</span> <span class='ocrx_word' id='word_1_200' title='bbox 667 1830 829 1873; x_wconf 84' lang='lat' dir='ltr'>quoque</span> <span class='ocrx_word' id='word_1_201' title='bbox 865 1818 988 1858; x_wconf 86' lang='lat' dir='ltr'>modo</span> <span class='ocrx_word' id='word_1_202' title='bbox 1036 1819 1088 1858; x_wconf 77' lang='lat' dir='ltr'>est</span> <span class='ocrx_word' id='word_1_203' title='bbox 1112 1848 1122 1864; x_wconf 83' lang='grc'>,</span> <span class='ocrx_word' id='word_1_204' title='bbox 1176 1817 1294 1867; x_wconf 78' lang='lat' dir='ltr'>longe</span> <span class='ocrx_word' id='word_1_205' title='bbox 1345 1829 1437 1858; x_wconf 78' lang='lat' dir='ltr'>am-</span> 
     </span>
     <span class='ocr_line' id='line_1_27' title="bbox 163 1880 1438 1935; baseline 0.003 -16"><span class='ocrx_word' id='word_1_206' title='bbox 163 1880 369 1933; x_wconf 71' lang='lat' dir='ltr'>pliorem,</span> <span class='ocrx_word' id='word_1_207' title='bbox 419 1894 457 1922; x_wconf 71' lang='lat' dir='ltr'>ct</span> <span class='ocrx_word' id='word_1_208' title='bbox 511 1883 724 1933; x_wconf 70' lang='lat' dir='ltr'>inflatam,</span> <span class='ocrx_word' id='word_1_209' title='bbox 780 1894 982 1924; x_wconf 76' lang='lat' dir='ltr'>caeterum</span> <span class='ocrx_word' id='word_1_210' title='bbox 1034 1895 1121 1922; x_wconf 73' lang='lat' dir='ltr'>tum</span> <span class='ocrx_word' id='word_1_211' title='bbox 1177 1883 1255 1935; x_wconf 63' lang='lat' dir='ltr'>ipsa</span> <span class='ocrx_word' id='word_1_212' title='bbox 1307 1884 1438 1923; x_wconf 75' lang='lat' dir='ltr'>forma</span> 
     </span>
     <span class='ocr_line' id='line_1_28' title="bbox 164 1943 1439 1999; baseline 0.003 -16"><span class='ocrx_word' id='word_1_213' title='bbox 164 1955 203 1983; x_wconf 89' lang='lat' dir='ltr'>ct</span> <span class='ocrx_word' id='word_1_214' title='bbox 240 1943 372 1984; x_wconf 75' lang='lat' dir='ltr'>habitu</span> <span class='ocrx_word' id='word_1_215' title='bbox 411 1946 601 1999; x_wconf 73' lang='lat' dir='ltr'>singulari</span> <span class='ocrx_word' id='word_1_216' title='bbox 626 1979 636 1998; x_wconf 88' lang='lat'>‚</span> <span class='ocrx_word' id='word_1_217' title='bbox 687 1959 777 1988; x_wconf 84' lang='lat' dir='ltr'>tum</span> <span class='ocrx_word' id='word_1_218' title='bbox 809 1950 859 1989; x_wconf 88' lang='lat' dir='ltr'>ob</span> <span class='ocrx_word' id='word_1_219' title='bbox 888 1951 1184 1989; x_wconf 66' lang='lat' dir='ltr'>connexionem</span> <span class='ocrx_word' id='word_1_220' title='bbox 1219 1959 1312 1986; x_wconf 85' lang='lat' dir='ltr'>cum</span> <span class='ocrx_word' id='word_1_221' title='bbox 1347 1960 1439 1987; x_wconf 84' lang='lat' dir='ltr'>cm·</span> 
     </span>
     <span class='ocr_line' id='line_1_29' title="bbox 165 2009 1439 2067; baseline 0.003 -19"><span class='ocrx_word' id='word_1_222' title='bbox 165 2009 351 2060; x_wconf 68' lang='lat' dir='ltr'>bryonc,</span> <span class='ocrx_word' id='word_1_223' title='bbox 401 2012 556 2065; x_wconf 76' lang='lat' dir='ltr'>:iliaque</span> <span class='ocrx_word' id='word_1_224' title='bbox 612 2014 831 2067; x_wconf 72' lang='lat' dir='ltr'>praedicata</span> <span class='ocrx_word' id='word_1_225' title='bbox 882 2024 1005 2065; x_wconf 82' lang='lat' dir='ltr'>quam</span> <span class='ocrx_word' id='word_1_226' title='bbox 1064 2009 1241 2065; x_wconf 68' lang='lat' dir='ltr'>plurima</span> <span class='ocrx_word' id='word_1_227' title='bbox 1273 2043 1283 2061; x_wconf 83' lang='lat'>,</span> <span class='ocrx_word' id='word_1_228' title='bbox 1343 2012 1439 2052; x_wconf 69' lang='lat' dir='ltr'>adeo</span> 
     </span>
     <span class='ocr_line' id='line_1_30' title="bbox 170 2074 1439 2131; baseline 0.004 -19"><span class='ocrx_word' id='word_1_229' title='bbox 170 2074 421 2126; x_wconf 46' lang='lat' dir='ltr'>iper-“rabilem</span> <span class='ocrx_word' id='word_1_230' title='bbox 448 2106 457 2118; x_wconf 78' lang='grc'>,</span> <span class='ocrx_word' id='word_1_231' title='bbox 507 2088 551 2116; x_wconf 68' lang='lat' dir='ltr'>vt</span> <span class='ocrx_word' id='word_1_232' title='bbox 574 2109 584 2128; x_wconf 94' lang='lat'>‚</span> <span class='ocrx_word' id='word_1_233' title='bbox 635 2079 703 2131; x_wconf 81' lang='lat' dir='ltr'>qui</span> <span class='ocrx_word' id='word_1_234' title='bbox 739 2076 827 2116; x_wconf 86' lang='lat' dir='ltr'>fieri</span> <span class='ocrx_word' id='word_1_235' title='bbox 866 2077 1071 2130; x_wconf 80' lang='lat' dir='ltr'>potuerit,</span> <span class='ocrx_word' id='word_1_236' title='bbox 1121 2087 1168 2117; x_wconf 87' lang='lat' dir='ltr'>vt</span> <span class='ocrx_word' id='word_1_237' title='bbox 1202 2076 1311 2117; x_wconf 77' lang='lat' dir='ltr'>bulla</span> <span class='ocrx_word' id='word_1_238' title='bbox 1348 2075 1439 2117; x_wconf 82' lang='lat' dir='ltr'>haec</span> 
     </span>
    </p>

    <p class='ocr_par' dir='ltr' id='par_1_3' title="bbox 740 2140 1436 2191">
     <span class='ocr_line' id='line_1_31' title="bbox 740 2140 1436 2191; baseline -0.001 -11"><span class='ocrx_word' id='word_1_239' title='bbox 740 2140 761 2181; x_wconf 85' lang='lat'>1</span> <span class='ocrx_word' id='word_1_240' title='bbox 783 2142 794 2180; x_wconf 87' lang='lat' dir='ltr'>i</span> <span class='ocrx_word' id='word_1_241' title='bbox 818 2142 828 2180; x_wconf 88' lang='lat' dir='ltr'>i</span> <span class='ocrx_word' id='word_1_242' title='bbox 871 2155 895 2180; x_wconf 84' lang='lat'>2</span> <span class='ocrx_word' id='word_1_243' title='bbox 1320 2142 1436 2191; x_wconf 77' lang='lat' dir='ltr'>fuge-</span> 
     </span>
    </p>
   </div>
  </div>
 </body>
</html>
