2008 2735
338 178 654 221 MARIAE
713 178 1213 221 RVTHENICA.
1322 190 1405 228 555

146 304 221 336 rat.
303 292 378 333 Hic
414 301 601 330 nummos
633 298 748 330 antea
780 288 932 330 debitos
967 303 1043 344 pro
1079 293 1143 332 sua
1187 302 1298 346 parte
1340 305 1413 333 ex-

145 360 298 402 soluens
321 386 332 404 ‚
381 357 426 396 ab
477 354 567 395 aliis
600 354 800 395 laboribus
834 355 1033 395 immunis
1067 357 1120 396 cst
1144 386 1155 406 ‚
1207 367 1245 396 et
1277 355 1416 410 dupli-

143 437 230 465 cem
266 421 331 462 Pai
368 422 598 473 portionem
635 421 792 473 accipit.
856 419 1030 475 Quartus
1060 433 1193 473 coquus
1225 422 1278 462 est
1300 453 1312 472 ‚
1346 422 1417 474 qui

145 488 248 530 nihil
283 485 424 526 tribuit
460 485 653 538 pecuniae
678 515 690 536 ,
721 496 761 525 ct
794 485 964 526 dimidia
1000 496 1158 526 tantum
1196 485 1270 526 Pas·
1307 495 1419 539 parte

146 554 306 594 fruitur.
405 550 679 604 Reliquorum
724 550 927 591 lecim-um
965 552 1098 592 officia
1134 551 1221 591 sunt
1253 552 1419 604 [equen-

145 620 212 658 tia.
281 616 538 666 Indagatores
570 614 711 666 glaciei
746 616 828 656 bini
861 616 1018 669 semper
1054 628 1131 657 vna
1151 617 1421 665 emittuntur,

143 691 258 723 metu
294 682 472 722 ferarum
495 711 507 731 ,
557 690 597 719 et
631 680 927 732 Tungusorum
951 711 964 732 ‚
1011 681 1061 722 de
1091 683 1234 734 quibus
1278 681 1419 733 postca.

144 746 296 801 Quodsi
333 745 471 786 locum
510 746 676 785 feracem
713 746 958 786 inuenerunt
981 776 991 796 ‚
1025 758 1128 786 vnus
1164 747 1215 786 ibi
1253 754 1424 792 manet,

147 811 465 852 instrumentum
502 807 561 849 illi
595 810 775 862 imponit
811 819 852 850 et
902 811 1106 861 custodit3
1156 810 1259 851 alter
1311 809 1391 849 abit
1413 840 1424 859 ⁷

144 876 321 916 societati
357 877 554 924 nunciat,
603 884 644 914 et
677 874 883 928 operarios
919 885 1049 915 wocat.
1146 875 1285 929 Quam
1338 874 1425 926 pri-

146 952 267 980 mum
300 938 446 993 aliquis
479 939 640 980 inuenit
674 940 816 979 nidum
839 969 851 990 ‚
883 948 925 980 et
958 939 1274 980 instrumentum
1306 937 1425 978 suum

143 1017 195 1045 eo
247 1006 427 1057 reposuit
454 1034 465 1054 ,
517 1001 656 1043 nullus
703 1015 756 1044 cx
813 1001 890 1043 alia
934 1005 1117 1044 societate
1150 1003 1429 1057 superueniens

145 1078 430 1109 memoratum
466 1068 606 1107 locum
640 1067 845 1108 vindicare
878 1066 947 1107 fibi
992 1068 1148 1121 potest3
1200 1068 1264 1109 sed
1315 1079 1428 1106 acce-

145 1133 249 1173 dunt
282 1144 333 1172 cx
362 1132 502 1173 eadem
537 1129 640 1182 alii,
687 1128 840 1185 lapides
875 1142 1094 1172 remouent
1118 1163 1128 1182 ,
1179 1141 1220 1172 et
1250 1130 1428 1183 glaciem

145 1198 358 1237 effodiunt.
458 1194 533 1234 His
567 1196 759 1235 accedunt
796 1195 942 1245 tertii,
1002 1196 1071 1248 qui
1107 1195 1283 1235 effoffam
1321 1196 1431 1235 auste-

147 1270 247 1301 runt
270 1291 281 1310 ,
332 1267 451 1310 atque
501 1259 542 1298 in
577 1259 775 1299 exstrucsta
810 1259 851 1298 in
886 1259 1005 1310 syluis
1039 1258 1248 1300 domicilia
1283 1259 1451 1312 adporm

149 1333 252 1366 tant.
319 1322 476 1363 Inttrca
512 1320 712 1375 temporis
736 1352 748 1373 ,
797 1323 898 1363 dum
933 1325 1128 1372 fodiunt,
1180 1324 1433 1375 indagatores

149 1386 406 1430 nihilosecius
437 1387 629 1427 continuo
663 1388 895 1439 rimantur,
948 1398 1030 1439 vt,
1083 1388 1179 1428 nido
1224 1401 1309 1429 vno
1358 1399 1433 1428 ex-

150 1452 323 1504 hausto,
375 1451 445 1492 alii
477 1453 517 1492 in
555 1463 722 1504 promtu
758 1450 846 1494 sint.
946 1451 1088 1493 Immo
1125 1451 1260 1506 plures
1310 1451 1433 1493 simul

152 1517 410 1559 effodiuntur.
495 1516 605 1572 Quin
641 1520 748 1571 qnod
787 1527 826 1557 et
863 1517 1017 1557 inuenti
1053 1517 1188 1557 rursus
1221 1511 1433 1569 negligan-

157 1593 256 1632 tur,
298 1581 326 1622 si
362 1593 524 1623 remoto
558 1582 699 1634 tecto,
749 1582 856 1635 quod
890 1580 1021 1623 Barka
1058 1591 1205 1623 vocant
1227 1612 1238 1633 ‚
1288 1579 1435 1634 glacies

156 1646 225 1688 vel
257 1657 446 1701 corrupta
482 1647 666 1700 adpareat
688 1679 699 1699 ‚
729 1646 796 1687 vel
827 1646 1004 1700 vitiosa,
1040 1645 1105 1689 vel
1138 1647 1262 1687 nimis
1297 1657 1434 1700 parua.

157 1710 371 1754 societates
405 1721 545 1751 autem
579 1712 782 1752 eiusmodi
819 1711 952 1765 plures
981 1743 991 1764 ,
1024 1712 1192 1753 obtento
1225 1711 1437 1765 quotannis

161 1776 349 1817 mandato
381 1776 428 1816 ad
461 1775 600 1816 Lenam
635 1775 965 1831 proficiscuntur,
999 1777 1046 1818 ad
1079 1776 1316 1817 Witimum
1353 1774 1436 1815 sin-

160 1839 270 1892 gulis
298 1840 434 1881 diebus
469 1841 668 1894 certisque
704 1841 817 1882 horis
852 1853 985 1895 preces
1017 1841 1192 1882 fundunt
1214 1872 1225 1891 ,
1276 1851 1315 1880 et
1350 1852 1438 1880 ma·-

162 1905 321 1945 ximam
356 1906 460 1946 inter
493 1907 528 1946 se
564 1919 700 1960 pacem
738 1916 780 1946 et
813 1907 1070 1947 concordiam
1107 1905 1246 1954 alunt,
1276 1904 1436 1944 adscen-

159 1969 266 2009 dunt
298 1968 388 2009 dein
422 1969 654 2012 Witimum
689 1983 812 2026 vsque
843 1973 891 2013 ad
925 1971 1065 2013 Mama
1098 1970 1300 2019 fluuium,
1335 1968 1436 2009 Wi-

167 2034 320 2074 timum
354 2033 591 2077 intrantem.
693 2036 760 2077 Eo
794 2036 860 2076 vbi
899 2044 1172 2088 peruenerunt
1194 2065 1205 2085 ‚
1238 2034 1349 2074 aedes
1384 2032 1437 2072 li-

166 2108 286 2150 gneas
317 2106 357 2139 et
388 2097 576 2142 balneum
611 2100 770 2142 struunt
793 2129 805 2150 ‚
854 2111 936 2153 quo
978 2099 1141 2153 peraeto
1189 2099 1438 2148 indagatores

723 2165 762 2207 A
786 2175 807 2204 a
826 2175 885 2204 aa
924 2175 950 2203 α.
1248 2161 1436 2218 plerum·
