2008 2735
513 191 605 232 300
797 175 898 218 DE
966 174 1501 221 EXCEPTIONE

510 295 639 349 qualis
680 294 877 349 pertinere
912 300 1075 334 tantum
1111 293 1275 337 videtur
1297 325 1309 346 ,
1358 302 1547 347 tanquam
1601 298 1784 350 exceptio

504 372 527 400 a
564 362 721 414 regula.
786 356 899 398 Alias
932 360 1072 399 omnia
1106 371 1275 415 corpora
1300 389 1312 410 ,
1366 359 1394 400 si
1433 370 1621 413 tempore
1672 362 1787 402 tuffi-

508 427 628 468 cienti
663 427 706 467 in
741 425 832 464 ae're
867 431 907 461 ct
941 422 1024 464 alio
1057 422 1185 467 fluido
1237 425 1313 466 sint
1335 455 1347 476 ,
1380 425 1535 479 semper
1595 428 1642 464 ad
1693 438 1787 465 eau-

505 491 598 531 dem
636 490 752 544 plane
788 485 935 530 caloris
967 491 1142 541 gradum
1178 490 1316 531 reduci
1351 489 1493 541 solent,
1527 502 1654 544 quum
1692 502 1787 530 mo-

504 564 570 595 tus
604 554 709 606 ignis
745 554 787 595 in
821 564 991 607 corpore
1023 554 1205 597 calidiori
1243 557 1406 606 maior,
1437 558 1574 596 minor
1608 567 1708 596 vero
1742 555 1783 595 in

501 621 643 660 1ninus
674 618 803 660 cnfido
837 628 921 660 tani
954 619 1024 660 dui
1060 621 1209 662 nintur
1240 621 1286 660 ad
1339 620 1623 674 aequihbrnun
1650 651 1662 671 ,
1712 620 1786 660 do-

501 696 573 724 nec
608 685 650 725 in
684 694 860 738 vtroque
891 685 1049 725 oriatur
1084 685 1224 728 eadem
1259 685 1447 726 celeritas,
1518 687 1624 727 Hinc
1661 697 1783 740 porro

499 748 681 804 sequitur
715 751 861 800 gradus
915 747 1060 791 caloris
1115 763 1136 791 a
1191 750 1508 792 thcrmometris
1560 752 1786 799 indicatos,

499 826 578 868 pro
612 814 800 866 gradibus
832 812 976 855 caloris
1010 815 1114 856 ae'ris
1155 814 1505 858 thermometrum
1539 815 1753 855 ambientis
1774 844 1788 864 ,

499 879 566 920 vel
599 878 775 919 aliorum
808 879 1032 921 fluidorum
1067 881 1335 923 ambientium
1371 881 1549 920 omnino·
1569 892 1693 933 porro
1712 879 1786 919 ha-

499 943 584 983 beri
622 944 728 996 posse
750 972 760 991 ,
815 943 843 984 sl
879 943 1028 985 scilicet
1061 954 1221 997 tempus
1257 945 1456 986 sufficiens
1496 943 1620 985 fuerit
1668 944 1784 985 adhi-

500 1006 636 1046 bitum
663 1035 675 1055 ‚
707 1007 812 1059 quod
851 1007 1035 1060 requitur
1059 1037 1071 1056 ,
1129 1018 1176 1048 vt
1211 1010 1538 1048 communicatio
1570 1009 1785 1063 temperiei

501 1070 676 1123 perfecta
715 1071 821 1110 inter
857 1069 1034 1112 fluidum
1078 1071 1336 1111 circumdans
1388 1079 1432 1110 et
1477 1073 1783 1113 circumdatum

499 1133 591 1176 fieti
626 1145 776 1188 queat,
808 1136 937 1176 etiani
972 1135 999 1176 ss
1031 1137 1287 1177 circurndaus
1323 1136 1361 1174 iu
1383 1135 1634 1187 ttrigidius,
1665 1137 1781 1176 adco-

498 1211 578 1252 que
611 1198 793 1240 celeritas
826 1201 999 1242 alterius
1051 1202 1191 1242 minus
1238 1200 1374 1250 trigidi
1423 1200 1606 1253 corporis
1655 1201 1783 1241 dimi-

496 1264 667 1304 nuenda.

652 1326 729 1368 Sed
766 1327 921 1368 mer'to
955 1327 1136 1381 ampsus
1185 1328 1430 1381 quaer'tur,
1482 1335 1681 1377 quaenam
1735 1326 1786 1367 fit

495 1390 750 1443 exceptionis
782 1391 910 1430 dictae
946 1394 1085 1442 ratio,
1133 1404 1209 1433 cur
1265 1405 1346 1433 non
1406 1389 1693 1442 aequilibrium
1745 1402 1787 1433 et

498 1454 673 1510 aequalis
707 1455 893 1497 celeritas
929 1456 1036 1508 ignis
1071 1457 1175 1498 inter
1210 1466 1433 1510 Vtrumque
1469 1453 1645 1495 fluidum
1699 1456 1780 1498 cir-

497 1522 694 1562 cumdans
728 1530 769 1559 et
801 1521 1107 1562 circumdatum
1130 1552 1144 1572 ,
1195 1522 1257 1562 vti
1293 1521 1419 1571 aliaS,
1455 1519 1553 1562 nasci
1589 1520 1707 1572 poffit
1736 1533 1778 1563 et

496 1586 644 1626 debeat.
734 1584 939 1626 Enodatio
986 1585 1111 1626 huius
1143 1587 1381 1638 quaestionis
1417 1594 1501 1624 tam
1539 1584 1664 1625 facilis
1699 1599 1779 1627 non

497 1649 573 1689 este
610 1648 788 1691 videtur.
856 1649 1196 1692 Existimauerim
1231 1661 1367 1693 tamen
1397 1649 1664 1690 differentiam
1711 1662 1778 1691 ca-

498 1713 597 1754 Ior³s
652 1715 758 1754 inter
806 1713 983 1756 fluidum
1035 1717 1198 1767 cingens
1243 1727 1283 1758 et
1317 1730 1338 1758 a
1371 1713 1562 1756 bulliente
1591 1715 1776 1756 cinctum

496 1778 587 1820 inde
624 1778 882 1832 potissimum
919 1782 1177 1834 proueniret,
1224 1782 1331 1836 quod
1376 1779 1551 1823 fluidum
1601 1780 1777 1821 bulliens

496 1845 662 1896 cingens
692 1844 949 1885 contineatur
984 1846 1025 1886 in
1069 1845 1158 1886 vase
1207 1846 1316 1902 quod
1367 1844 1454 1898 igni
1510 1844 1578 1885 vel
1632 1845 1774 1898 prunis

496 1908 735 1948 immediate
774 1908 1015 1962 impositum
1050 1912 1105 1953 cst
1127 1941 1139 1959 ‚
1169 1911 1209 1951 id
1244 1911 1350 1966 quod
1387 1907 1527 1965 paullo
1569 1911 1771 1952 maiorem

498 1972 692 2014 materiae
726 1972 868 2014 caloris
904 1986 1068 2018 motum
1100 1975 1259 2018 efficere
1293 1977 1417 2030 potest
1454 1983 1495 2014 et
1524 1975 1636 2015 debet
1659 2006 1671 2026 ‚
1700 1975 1770 2015 ob-

495 2037 653 2078 seruare
684 2038 796 2079 enim
834 2039 942 2081 mihi
978 2042 1130 2095 saepius
1167 2042 1273 2082 visus
1329 2041 1416 2082 sum
1471 2040 1737 2082 differentiam
1763 2069 1775 2088 ,

489 2099 591 2146 licet
623 2101 818 2155 exiguam
851 2105 995 2150 caloris
1027 2107 1072 2150 in
1125 2105 1428 2150 thermomctro
1479 2104 1675 2148 immerso
1727 2102 1768 2142 in

1670 2179 1769 2221 aqua
