2008 2735
285 134 370 179 DE
390 134 577 180 CVPRO
597 137 677 180 ET
697 135 1011 183 ORICHALC.
1030 134 1307 184 MAGNET.
1346 144 1441 193 369

166 253 384 296 meridibus
419 252 659 294 Academiae
693 251 967 293 Scientiarum
1001 250 1202 296 Suecicae.
1293 254 1448 298 Modus

164 318 421 373 praeparandi
455 316 721 359 Orichalcnm
755 319 892 358 varius
928 316 982 357 est
1006 348 1018 369 ,
1079 331 1186 359 nunc
1227 319 1340 361 enim
1393 332 1448 362 ex

164 395 296 437 cupro
328 394 367 423 et
404 383 550 432 zinco‚
584 382 701 436 ipso,
745 394 850 423 nunc
884 394 935 423 ex
971 394 1101 435 cupro
1133 395 1175 425 et
1211 383 1342 438 lapide
1375 398 1444 426 ca-

163 447 351 489 luminari
386 447 578 487 calcinato
599 479 610 499 ‚
653 459 752 487 mox
785 459 837 488 ex
870 459 1000 500 cupro
1034 457 1076 487 et
1108 450 1268 490 cadmia
1309 450 1445 492 forna⁴

163 525 257 554 cum
294 513 446 554 zincina
469 544 480 565 ,
513 512 759 553 curiositatis
789 514 918 564 gratia
953 523 1115 566 quoque
1148 525 1201 553 ex
1233 525 1365 568 cupro
1400 524 1444 558 et

165 577 330 620 floribus
365 579 471 619 zinci
511 578 639 632 parari
679 578 814 632 potest.
883 578 1134 634 Quocunque
1170 587 1306 620 tamen
1344 593 1444 621 mo-

160 644 212 684 do
245 653 410 697 paretur
432 675 444 695 ,
478 642 634 696 semper
670 645 710 683 in
737 642 887 683 fusione
921 641 1059 696 puluis
1091 643 1314 684 carbonum
1351 643 1442 687 addi

161 707 273 748 debet
325 718 364 747 et
415 707 549 757 solet,
599 708 691 747 ideo
736 709 838 761 quod
893 708 1057 748 zincum
1095 708 1207 749 facile
1243 709 1284 747 in
1320 708 1443 750 flam·

164 785 277 813 mam
313 782 502 827 erumpat
529 803 540 823 ,
581 770 800 812 calcinetnr
832 781 874 811 et
928 772 968 812 in
1005 772 1137 813 forma
1191 774 1345 815 florum
1398 775 1441 816 in

162 849 274 878 auras
319 837 454 877 anolet
476 868 486 888 ,
540 835 621 877 fine
664 837 706 876 in
741 836 948 878 substantia
981 837 1194 878 adiiciatur
1215 869 1227 890 ,
1275 838 1358 878 sine
1391 850 1444 881 ex

162 904 332 943 mineris
368 903 444 943 suis
479 904 584 942 inter
626 902 866 941 fundendum
906 903 1134 941 reducatur.
1235 901 1443 955 Superna-

159 980 329 1008 caneum
369 969 469 1006 foret
506 963 720 1004 methodos
755 964 925 1003 diuersas
947 995 959 1015 ‚
1004 965 1287 1017 proportiones
1322 967 1439 1019 cupri

156 1041 198 1071 et
232 1030 374 1082 lapidis
409 1027 662 1066 calaminaris
699 1027 763 1066 vel
800 1027 941 1077 zinci,
975 1028 1114 1068 furnos
1137 1059 1147 1078 ‚
1190 1029 1440 1071 instrumen-

157 1103 228 1143 ta,
279 1103 318 1133 et
370 1091 520 1132 labores
573 1091 674 1145 ipsos
723 1092 934 1133 describere
980 1102 1020 1132 et
1056 1091 1290 1145 delineare,
1338 1107 1441 1149 quae

154 1157 293 1199 omnia
328 1170 346 1196 a
383 1155 584 1198 Celeberr.
623 1157 849 1197 Antoribus
882 1155 974 1209 plus
1005 1170 1083 1197 vna
1122 1160 1210 1199 vice
1263 1171 1443 1200 enume-

153 1232 237 1262 rata
274 1222 374 1261 sunt.
444 1220 536 1259 Vid.
573 1220 836 1275 Swedenborg
873 1222 920 1261 de
952 1219 1096 1274 Cupro
1128 1232 1170 1262 et
1204 1222 1439 1276 Orichalco,

155 1284 336 1328 Erkerns
372 1286 413 1325 in
451 1284 558 1324 Aula
592 1285 841 1326 subterranea
865 1318 875 1338 ‚
929 1286 1130 1327 Loelmeis
1184 1286 1225 1327 in
1288 1287 1441 1329 Vnter-

156 1349 268 1392 riclit
304 1362 404 1389 vom
442 1349 685 1401 Bergwerck
709 1381 719 1401 ‚
758 1350 922 1403 aliique.
993 1350 1111 1392 Addo
1145 1351 1253 1403 qnod
1290 1365 1441 1407 prope-

155 1418 262 1458 diem
298 1427 463 1454 examen
502 1415 643 1468 lapidis
674 1412 941 1455 Calamiiiaris
975 1415 1068 1456 Deo
1102 1414 1267 1456 velente
1323 1431 1443 1459 com·

155 1481 438 1522 municaturus
492 1478 566 1519 sim
594 1511 604 1531 ‚
657 1491 734 1534 qua
788 1478 994 1521 occasione
1044 1481 1156 1521 varia
1206 1479 1309 1522 hanc
1343 1495 1435 1528 rem

150 1544 431 1587 concernentia
463 1543 588 1586 adhuc
619 1557 835 1599 exponam.

303 1649 333 1698 ξ.
373 1660 411 1697 3.
448 1647 655 1690 Oi·ichalci
691 1646 832 1701 specics
865 1646 1027 1699 vulgari
1065 1645 1188 1686 modo
1221 1655 1273 1686 ex
1308 1655 1439 1697 cupro

156 1721 198 1752 et
232 1712 360 1767 lapide
392 1714 627 1756 calaminari
663 1713 752 1754 vsto
788 1722 945 1766 paratae
1002 1711 1275 1752 diuersimode
1328 1721 1348 1747 a
1404 1709 1439 1748 le

154 1776 333 1819 inuicem
368 1779 561 1820 differunt
583 1810 593 1830 ‚
631 1779 748 1832 idque
782 1789 889 1817 nunc
926 1777 1104 1829 respee‘tu
1140 1774 1309 1824 coloris,
1339 1783 1438 1812 con·

153 1841 348 1884 sistentiae
372 1875 383 1895 ,
438 1844 595 1884 elateris
646 1852 686 1884 et
722 1842 910 1895 inprimis
945 1839 1105 1882 habitus
1137 1849 1232 1890 erga
1268 1847 1437 1890 magne-

153 1917 238 1948 tem
274 1918 314 1947 et
349 1909 575 1950 versorium
613 1909 905 1960 magneticum.
1202 1905 1205 1908 '

305 2007 434 2050 Color
467 2021 572 2054 nunc
608 2010 737 2061 magis
772 2018 915 2049 aureus
943 2039 954 2059 ,
1005 2016 1111 2047 nunc
1147 2002 1338 2059 pallidior
1391 2000 1441 2041 ad

151 2070 356 2114 citrssnum
392 2085 574 2127 vergens.
643 2074 772 2116 Cuius
807 2074 866 2114 rei
898 2072 1007 2114 causa
1041 2083 1150 2113 nunc
1184 2071 1227 2113 in
1259 2068 1439 2126 lapidem

217 2134 342 2180 Tom.
356 2138 767 2181 x11.N0u.Comm.
922 2139 963 2182 A
982 2150 1004 2179 a
1019 2149 1041 2178 a
1336 2129 1440 2175 cala-
