<?xml version="1.0" encoding="UTF-8"?>
<!DOCTYPE html PUBLIC "-//W3C//DTD XHTML 1.0 Transitional//EN"
    "http://www.w3.org/TR/xhtml1/DTD/xhtml1-transitional.dtd">
<html xmlns="http://www.w3.org/1999/xhtml" xml:lang="en" lang="en">
 <head>
  <title>
</title>
<meta http-equiv="Content-Type" content="text/html;charset=utf-8" />
  <meta name='ocr-system' content='tesseract 3.04.00' />
  <meta name='ocr-capabilities' content='ocr_page ocr_carea ocr_par ocr_line ocrx_word'/>
</head>
<body>
  <div class='ocr_page' id='page_1' title='image "./novicommentariac12impe_0598.png"; bbox 0 0 2008 2735; ppageno 0'>
   <div class='ocr_carea' id='block_1_1' title="bbox 556 203 1626 254">
    <p class='ocr_par' dir='ltr' id='par_1_1' title="bbox 556 203 1626 254">
     <span class='ocr_line' id='line_1_1' title="bbox 556 203 1626 254; baseline 0.006 -11"><span class='ocrx_word' id='word_1_1' title='bbox 556 221 573 254; x_wconf 76' lang='lat'><em>5</em></span> <span class='ocrx_word' id='word_1_2' title='bbox 589 209 643 253; x_wconf 80' lang='lat'>36</span> <span class='ocrx_word' id='word_1_3' title='bbox 746 203 841 244; x_wconf 84' lang='lat' dir='ltr'>DE·</span> <span class='ocrx_word' id='word_1_4' title='bbox 861 203 1298 247; x_wconf 82' lang='lat' dir='ltr'><strong>PROPRIETATIB.</strong></span> <span class='ocrx_word' id='word_1_5' title='bbox 1336 204 1626 249; x_wconf 77' lang='lat' dir='ltr'><strong>PLANTAR.</strong></span> 
     </span>
    </p>
   </div>
   <div class='ocr_carea' id='block_1_2' title="bbox 555 316 1836 1317">
    <p class='ocr_par' dir='ltr' id='par_1_2' title="bbox 555 316 1836 1317">
     <span class='ocr_line' id='line_1_2' title="bbox 555 316 1827 370; baseline 0.004 -15"><span class='ocrx_word' id='word_1_6' title='bbox 555 317 597 355; x_wconf 88' lang='lat' dir='ltr'>in</span> <span class='ocrx_word' id='word_1_7' title='bbox 633 316 759 356; x_wconf 60' lang='lat' dir='ltr'>radice</span> <span class='ocrx_word' id='word_1_8' title='bbox 816 316 1040 369; x_wconf 72' lang='lat' dir='ltr'>residente,</span> <span class='ocrx_word' id='word_1_9' title='bbox 1093 317 1216 359; x_wconf 84' lang='lat' dir='ltr'>modo</span> <span class='ocrx_word' id='word_1_10' title='bbox 1265 320 1306 358; x_wconf 89' lang='lat' dir='ltr'>in</span> <span class='ocrx_word' id='word_1_11' title='bbox 1358 320 1607 370; x_wconf 83' lang='lat' dir='ltr'>seminibus,</span> <span class='ocrx_word' id='word_1_12' title='bbox 1659 319 1827 360; x_wconf 61' lang='lat' dir='ltr'>cca-‚ssata</span> 
     </span>
     <span class='ocr_line' id='line_1_3' title="bbox 560 380 1828 431; baseline 0.002 -10"><span class='ocrx_word' id='word_1_13' title='bbox 560 380 761 421; x_wconf 72' lang='lat' dir='ltr'>nimii-um</span> <span class='ocrx_word' id='word_1_14' title='bbox 795 392 846 420; x_wconf 84' lang='lat' dir='ltr'>ex</span> <span class='ocrx_word' id='word_1_15' title='bbox 879 382 1067 423; x_wconf 83' lang='lat' dir='ltr'>aethereo</span> <span class='ocrx_word' id='word_1_16' title='bbox 1102 383 1193 423; x_wconf 74' lang='lat' dir='ltr'>olco</span> <span class='ocrx_word' id='word_1_17' title='bbox 1215 412 1225 431; x_wconf 91' lang='lat'><strong>‚</strong></span> <span class='ocrx_word' id='word_1_18' title='bbox 1261 383 1364 424; x_wconf 71' lang='lat' dir='ltr'>vnde</span> <span class='ocrx_word' id='word_1_19' title='bbox 1409 383 1630 424; x_wconf 59' lang='lat' dir='ltr'>volatilitas</span> <span class='ocrx_word' id='word_1_20' title='bbox 1682 396 1828 424; x_wconf 70' lang='lat' dir='ltr'>corum</span> 
     </span>
     <span class='ocr_line' id='line_1_4' title="bbox 558 447 1826 499; baseline 0.005 -16"><span class='ocrx_word' id='word_1_21' title='bbox 558 453 723 494; x_wconf 78' lang='lat' dir='ltr'>oritur,</span> <span class='ocrx_word' id='word_1_22' title='bbox 788 457 884 485; x_wconf 88' lang='lat' dir='ltr'>cum</span> <span class='ocrx_word' id='word_1_23' title='bbox 937 447 1114 499; x_wconf 72' lang='lat' dir='ltr'>partibus</span> <span class='ocrx_word' id='word_1_24' title='bbox 1163 447 1297 485; x_wconf 82' lang='lat' dir='ltr'>terreis</span> <span class='ocrx_word' id='word_1_25' title='bbox 1347 458 1388 488; x_wconf 88' lang='lat' dir='ltr'>et</span> <span class='ocrx_word' id='word_1_26' title='bbox 1437 447 1616 489; x_wconf 76' lang='lat' dir='ltr'>rciinosis</span> <span class='ocrx_word' id='word_1_27' title='bbox 1684 451 1826 489; x_wconf 68' lang='lat' dir='ltr'>nnxto.</span> 
     </span>
     <span class='ocr_line' id='line_1_5' title="bbox 560 507 1829 566; baseline 0.005 -18"><span class='ocrx_word' id='word_1_28' title='bbox 560 508 642 548; x_wconf 76' lang='lat' dir='ltr'>Hac</span> <span class='ocrx_word' id='word_1_29' title='bbox 691 508 786 548; x_wconf 86' lang='lat' dir='ltr'>illae</span> <span class='ocrx_word' id='word_1_30' title='bbox 822 508 980 561; x_wconf 76' lang='lat' dir='ltr'>plantae</span> <span class='ocrx_word' id='word_1_31' title='bbox 1016 507 1416 562; x_wconf 83' lang='lat' dir='ltr'>comprehenduntur</span> <span class='ocrx_word' id='word_1_32' title='bbox 1442 542 1454 562; x_wconf 92' lang='lat'>‚</span> <span class='ocrx_word' id='word_1_33' title='bbox 1495 524 1588 565; x_wconf 77' lang='lat' dir='ltr'>quas</span> <span class='ocrx_word' id='word_1_34' title='bbox 1623 513 1829 566; x_wconf 81' lang='lat' dir='ltr'>impetum</span> 
     </span>
     <span class='ocr_line' id='line_1_6' title="bbox 557 571 1829 629; baseline 0.005 -17"><span class='ocrx_word' id='word_1_35' title='bbox 557 571 738 613; x_wconf 85' lang='lat' dir='ltr'>facientes</span> <span class='ocrx_word' id='word_1_36' title='bbox 770 572 1159 617; x_wconf 82' lang='lat' dir='ltr'>HIPPOCRATES</span> <span class='ocrx_word' id='word_1_37' title='bbox 1194 575 1324 626; x_wconf 83' lang='lat' dir='ltr'>dixit,</span> <span class='ocrx_word' id='word_1_38' title='bbox 1356 587 1397 616; x_wconf 88' lang='lat' dir='ltr'>et</span> <span class='ocrx_word' id='word_1_39' title='bbox 1431 587 1530 629; x_wconf 83' lang='lat' dir='ltr'>quae</span> <span class='ocrx_word' id='word_1_40' title='bbox 1564 578 1655 628; x_wconf 65' lang='lat' dir='ltr'>igi-,c</span> <span class='ocrx_word' id='word_1_41' title='bbox 1676 608 1686 627; x_wconf 89' lang='lat'>‚</span> <span class='ocrx_word' id='word_1_42' title='bbox 1721 577 1829 629; x_wconf 86' lang='lat' dir='ltr'>quod</span> 
     </span>
     <span class='ocr_line' id='line_1_7' title="bbox 557 637 1831 693; baseline 0.003 -17"><span class='ocrx_word' id='word_1_43' title='bbox 557 637 730 688; x_wconf 85' lang='lat' dir='ltr'>fouent,</span> <span class='ocrx_word' id='word_1_44' title='bbox 785 638 855 678; x_wconf 91' lang='lat' dir='ltr'>sno</span> <span class='ocrx_word' id='word_1_45' title='bbox 890 647 1092 692; x_wconf 87' lang='lat' dir='ltr'><strong>torpentes</strong></span> <span class='ocrx_word' id='word_1_46' title='bbox 1123 637 1273 679; x_wconf 68' lang='lat' dir='ltr'>aetuofi</span> <span class='ocrx_word' id='word_1_47' title='bbox 1312 641 1502 693; x_wconf 89' lang='lat' dir='ltr'>principii</span> <span class='ocrx_word' id='word_1_48' title='bbox 1535 650 1674 682; x_wconf 83' lang='lat' dir='ltr'>motus</span> <span class='ocrx_word' id='word_1_49' title='bbox 1709 641 1831 681; x_wconf 55' lang='lat' dir='ltr'>welli-</span> 
     </span>
     <span class='ocr_line' id='line_1_8' title="bbox 557 702 1834 759; baseline 0.005 -18"><span class='ocrx_word' id='word_1_50' title='bbox 557 710 648 741; x_wconf 75' lang='lat' dir='ltr'>cant</span> <span class='ocrx_word' id='word_1_51' title='bbox 671 731 684 753; x_wconf 92' lang='lat'>‚</span> <span class='ocrx_word' id='word_1_52' title='bbox 714 703 893 742; x_wconf 75' lang='lat' dir='ltr'>excitant</span> <span class='ocrx_word' id='word_1_53' title='bbox 915 733 926 754; x_wconf 87' lang='lat'>‚</span> <span class='ocrx_word' id='word_1_54' title='bbox 975 715 1014 743; x_wconf 87' lang='lat' dir='ltr'>ct</span> <span class='ocrx_word' id='word_1_55' title='bbox 1045 705 1086 744; x_wconf 90' lang='lat' dir='ltr'>in</span> <span class='ocrx_word' id='word_1_56' title='bbox 1120 702 1258 744; x_wconf 68' lang='lat' dir='ltr'>actum</span> <span class='ocrx_word' id='word_1_57' title='bbox 1292 704 1493 747; x_wconf 89' lang='lat' dir='ltr'>deducunt</span> <span class='ocrx_word' id='word_1_58' title='bbox 1516 735 1527 756; x_wconf 95' lang='lat'>‚</span> <span class='ocrx_word' id='word_1_59' title='bbox 1589 705 1670 746; x_wconf 86' lang='lat' dir='ltr'>fiue</span> <span class='ocrx_word' id='word_1_60' title='bbox 1706 718 1834 759; x_wconf 67' lang='lat' dir='ltr'>vapo-</span> 
     </span>
     <span class='ocr_line' id='line_1_9' title="bbox 560 765 1834 821; baseline 0.003 -15"><span class='ocrx_word' id='word_1_61' title='bbox 560 766 672 806; x_wconf 81' lang='lat' dir='ltr'>ribus</span> <span class='ocrx_word' id='word_1_62' title='bbox 707 765 1058 818; x_wconf 81' lang='lat' dir='ltr'>penetrantiffimis</span> <span class='ocrx_word' id='word_1_63' title='bbox 1084 799 1095 819; x_wconf 86' lang='lat'>‚</span> <span class='ocrx_word' id='word_1_64' title='bbox 1130 768 1290 808; x_wconf 87' lang='lat' dir='ltr'>naribus</span> <span class='ocrx_word' id='word_1_65' title='bbox 1328 768 1573 821; x_wconf 83' lang='lat' dir='ltr'>excipiendis</span> <span class='ocrx_word' id='word_1_66' title='bbox 1594 801 1606 821; x_wconf 89' lang='lat'>,</span> <span class='ocrx_word' id='word_1_67' title='bbox 1649 769 1729 810; x_wconf 80' lang='lat' dir='ltr'>fine</span> <span class='ocrx_word' id='word_1_68' title='bbox 1764 782 1834 810; x_wconf 89' lang='lat' dir='ltr'>ore</span> 
     </span>
     <span class='ocr_line' id='line_1_10' title="bbox 560 830 1835 886; baseline 0.002 -15"><span class='ocrx_word' id='word_1_69' title='bbox 560 830 732 882; x_wconf 56' lang='lat' dir='ltr'>ingestis</span> <span class='ocrx_word' id='word_1_70' title='bbox 833 833 893 874; x_wconf 91' lang='lat' dir='ltr'>At</span> <span class='ocrx_word' id='word_1_71' title='bbox 925 841 1042 872; x_wconf 82' lang='lat' dir='ltr'>caute</span> <span class='ocrx_word' id='word_1_72' title='bbox 1074 842 1172 874; x_wconf 91' lang='lat' dir='ltr'>cum</span> <span class='ocrx_word' id='word_1_73' title='bbox 1207 833 1256 872; x_wconf 90' lang='lat' dir='ltr'>iis</span> <span class='ocrx_word' id='word_1_74' title='bbox 1289 834 1495 886; x_wconf 83' lang='lat' dir='ltr'>agendum</span> <span class='ocrx_word' id='word_1_75' title='bbox 1530 833 1584 874; x_wconf 90' lang='lat' dir='ltr'>est</span> <span class='ocrx_word' id='word_1_76' title='bbox 1609 864 1619 884; x_wconf 93' lang='lat'>,</span> <span class='ocrx_word' id='word_1_77' title='bbox 1663 845 1713 873; x_wconf 85' lang='lat' dir='ltr'>ne</span> <span class='ocrx_word' id='word_1_78' title='bbox 1746 833 1835 884; x_wconf 84' lang='lat' dir='ltr'>gla-</span> 
     </span>
     <span class='ocr_line' id='line_1_11' title="bbox 561 893 1836 940; baseline 0.004 -6"><span class='ocrx_word' id='word_1_79' title='bbox 561 895 653 935; x_wconf 86' lang='lat' dir='ltr'>dius</span> <span class='ocrx_word' id='word_1_80' title='bbox 687 893 788 936; x_wconf 84' lang='lat' dir='ltr'>fiant</span> <span class='ocrx_word' id='word_1_81' title='bbox 822 897 864 936; x_wconf 89' lang='lat' dir='ltr'>in</span> <span class='ocrx_word' id='word_1_82' title='bbox 911 896 1297 938; x_wconf 71' lang='lat' dir='ltr'>manibus-furiosi.</span> <span class='ocrx_word' id='word_1_83' title='bbox 1395 897 1476 940; x_wconf 88' lang='lat' dir='ltr'>Sub</span> <span class='ocrx_word' id='word_1_84' title='bbox 1529 897 1682 938; x_wconf 82' lang='lat' dir='ltr'>torrida</span> <span class='ocrx_word' id='word_1_85' title='bbox 1735 910 1836 939; x_wconf 82' lang='lat' dir='ltr'>zona</span> 
     </span>
     <span class='ocr_line' id='line_1_12' title="bbox 560 957 1835 1014; baseline 0.005 -16"><span class='ocrx_word' id='word_1_86' title='bbox 560 957 633 1000; x_wconf 80' lang='lat' dir='ltr'>hae</span> <span class='ocrx_word' id='word_1_87' title='bbox 667 957 825 1011; x_wconf 85' lang='lat' dir='ltr'>plantae</span> <span class='ocrx_word' id='word_1_88' title='bbox 857 961 1039 1002; x_wconf 87' lang='lat' dir='ltr'>crescunt</span> <span class='ocrx_word' id='word_1_89' title='bbox 1060 991 1072 1011; x_wconf 90' lang='lat'><strong>,</strong></span> <span class='ocrx_word' id='word_1_90' title='bbox 1105 960 1282 1014; x_wconf 86' lang='lat' dir='ltr'>adeoque</span> <span class='ocrx_word' id='word_1_91' title='bbox 1317 960 1548 1003; x_wconf 85' lang='lat' dir='ltr'>hominibus</span> <span class='ocrx_word' id='word_1_92' title='bbox 1590 963 1678 1003; x_wconf 84' lang='lat' dir='ltr'>data</span> <span class='ocrx_word' id='word_1_93' title='bbox 1703 992 1714 1013; x_wconf 92' lang='lat'>‚</span> <span class='ocrx_word' id='word_1_94' title='bbox 1773 961 1835 1003; x_wconf 85' lang='lat' dir='ltr'>illi</span> 
     </span>
     <span class='ocr_line' id='line_1_13' title="bbox 561 1022 1834 1080; baseline 0.004 -18"><span class='ocrx_word' id='word_1_95' title='bbox 561 1022 738 1062; x_wconf 81' lang='lat' dir='ltr'>adsuetis.</span> <span class='ocrx_word' id='word_1_96' title='bbox 811 1022 882 1064; x_wconf 88' lang='lat' dir='ltr'>Sin</span> <span class='ocrx_word' id='word_1_97' title='bbox 917 1036 1016 1076; x_wconf 90' lang='lat' dir='ltr'>ergo</span> <span class='ocrx_word' id='word_1_98' title='bbox 1047 1037 1068 1064; x_wconf 86' lang='lat' dir='ltr'>a</span> <span class='ocrx_word' id='word_1_99' title='bbox 1102 1025 1318 1074; x_wconf 83' lang='lat' dir='ltr'>regionum</span> <span class='ocrx_word' id='word_1_100' title='bbox 1353 1027 1588 1078; x_wconf 83' lang='lat' dir='ltr'>frigidarum</span> <span class='ocrx_word' id='word_1_101' title='bbox 1629 1036 1834 1080; x_wconf 79' lang='lat' dir='ltr'>tempera-</span> 
     </span>
     <span class='ocr_line' id='line_1_14' title="bbox 560 1086 1835 1138; baseline 0.003 -12"><span class='ocrx_word' id='word_1_102' title='bbox 560 1094 778 1138; x_wconf 76' lang='lat' dir='ltr'>tutumque</span> <span class='ocrx_word' id='word_1_103' title='bbox 814 1086 955 1126; x_wconf 85' lang='lat' dir='ltr'>incolis</span> <span class='ocrx_word' id='word_1_104' title='bbox 1001 1088 1042 1126; x_wconf 87' lang='lat' dir='ltr'>in</span> <span class='ocrx_word' id='word_1_105' title='bbox 1096 1090 1215 1127; x_wconf 76' lang='lat' dir='ltr'>vium</span> <span class='ocrx_word' id='word_1_106' title='bbox 1265 1087 1513 1138; x_wconf 86' lang='lat' dir='ltr'>trahuntur,</span> <span class='ocrx_word' id='word_1_107' title='bbox 1568 1088 1677 1129; x_wconf 81' lang='lat' dir='ltr'>trahi</span> <span class='ocrx_word' id='word_1_108' title='bbox 1736 1100 1835 1130; x_wconf 70' lang='lat' dir='ltr'>vcro</span> 
     </span>
     <span class='ocr_line' id='line_1_15' title="bbox 560 1149 1833 1204; baseline 0.002 -12"><span class='ocrx_word' id='word_1_109' title='bbox 560 1150 730 1199; x_wconf 84' lang='lat' dir='ltr'>debere,</span> <span class='ocrx_word' id='word_1_110' title='bbox 780 1161 905 1190; x_wconf 88' lang='lat' dir='ltr'>nemo</span> <span class='ocrx_word' id='word_1_111' title='bbox 955 1149 1166 1204; x_wconf 71' lang='lat' dir='ltr'>probabit,</span> <span class='ocrx_word' id='word_1_112' title='bbox 1218 1151 1280 1191; x_wconf 79' lang='lat' dir='ltr'>sua</span> <span class='ocrx_word' id='word_1_113' title='bbox 1330 1152 1443 1191; x_wconf 88' lang='lat' dir='ltr'>enim</span> <span class='ocrx_word' id='word_1_114' title='bbox 1491 1151 1555 1191; x_wconf 83' lang='lat' dir='ltr'>his</span> <span class='ocrx_word' id='word_1_115' title='bbox 1587 1161 1627 1194; x_wconf 83' lang='lat' dir='ltr'>et</span> <span class='ocrx_word' id='word_1_116' title='bbox 1660 1150 1833 1195; x_wconf 83' lang='lat' dir='ltr'>meliora</span> 
     </span>
     <span class='ocr_line' id='line_1_16' title="bbox 560 1211 1834 1268; baseline 0.002 -16"><span class='ocrx_word' id='word_1_117' title='bbox 560 1214 648 1254; x_wconf 88' lang='lat' dir='ltr'>sunt</span> <span class='ocrx_word' id='word_1_118' title='bbox 699 1221 915 1263; x_wconf 82' lang='lat' dir='ltr'>aromata,</span> <span class='ocrx_word' id='word_1_119' title='bbox 966 1212 1188 1266; x_wconf 76' lang='lat' dir='ltr'>parcissirna</span> <span class='ocrx_word' id='word_1_120' title='bbox 1237 1211 1321 1252; x_wconf 86' lang='lat' dir='ltr'>dofi</span> <span class='ocrx_word' id='word_1_121' title='bbox 1353 1223 1453 1268; x_wconf 87' lang='lat' dir='ltr'>opus</span> <span class='ocrx_word' id='word_1_122' title='bbox 1483 1214 1568 1263; x_wconf 87' lang='lat' dir='ltr'>est,</span> <span class='ocrx_word' id='word_1_123' title='bbox 1622 1225 1670 1251; x_wconf 85' lang='lat' dir='ltr'>ne</span> <span class='ocrx_word' id='word_1_124' title='bbox 1718 1226 1834 1264; x_wconf 81' lang='lat' dir='ltr'>agant</span> 
     </span>
     <span class='ocr_line' id='line_1_17' title="bbox 559 1286 753 1317; baseline -0.015 0"><span class='ocrx_word' id='word_1_125' title='bbox 559 1286 753 1317; x_wconf 82' lang='lat' dir='ltr'>nimium.</span> 
     </span>
    </p>
   </div>
   <div class='ocr_carea' id='block_1_3' title="bbox 565 1370 1837 2007">
    <p class='ocr_par' dir='ltr' id='par_1_3' title="bbox 565 1370 1837 2007">
     <span class='ocr_line' id='line_1_18' title="bbox 712 1370 1836 1428; baseline 0.002 -16"><span class='ocrx_word' id='word_1_126' title='bbox 712 1370 973 1428; x_wconf 79' lang='lat' dir='ltr'>thelliferae</span> <span class='ocrx_word' id='word_1_127' title='bbox 1009 1370 1169 1427; x_wconf 80' lang='lat' dir='ltr'>plantae</span> <span class='ocrx_word' id='word_1_128' title='bbox 1203 1383 1345 1413; x_wconf 87' lang='lat' dir='ltr'>omnes</span> <span class='ocrx_word' id='word_1_129' title='bbox 1367 1403 1377 1423; x_wconf 88' lang='lat'>‚</span> <span class='ocrx_word' id='word_1_130' title='bbox 1412 1371 1560 1414; x_wconf 74' lang='lat' dir='ltr'>calidae</span> <span class='ocrx_word' id='word_1_131' title='bbox 1593 1372 1682 1412; x_wconf 88' lang='lat' dir='ltr'>sunt</span> <span class='ocrx_word' id='word_1_132' title='bbox 1706 1404 1716 1424; x_wconf 90' lang='lat'>,</span> <span class='ocrx_word' id='word_1_133' title='bbox 1771 1375 1836 1414; x_wconf 84' lang='lat' dir='ltr'>su·</span> 
     </span>
     <span class='ocr_line' id='line_1_19' title="bbox 566 1435 1835 1491; baseline 0.001 -13"><span class='ocrx_word' id='word_1_134' title='bbox 566 1435 756 1478; x_wconf 75' lang='lat' dir='ltr'>doriferae</span> <span class='ocrx_word' id='word_1_135' title='bbox 778 1467 789 1487; x_wconf 89' lang='lat'>,</span> <span class='ocrx_word' id='word_1_136' title='bbox 841 1449 863 1476; x_wconf 90' lang='lat' dir='ltr'>e</span> <span class='ocrx_word' id='word_1_137' title='bbox 897 1437 1074 1491; x_wconf 75' lang='lat' dir='ltr'>partibus</span> <span class='ocrx_word' id='word_1_138' title='bbox 1109 1436 1300 1478; x_wconf 79' lang='lat' dir='ltr'>conflatae</span> <span class='ocrx_word' id='word_1_139' title='bbox 1332 1436 1474 1477; x_wconf 61' lang='lat' dir='ltr'>olcofis</span> <span class='ocrx_word' id='word_1_140' title='bbox 1496 1468 1506 1485; x_wconf 88' lang='lat'>‚</span> <span class='ocrx_word' id='word_1_141' title='bbox 1556 1437 1699 1490; x_wconf 73' lang='lat' dir='ltr'>quibus</span> <span class='ocrx_word' id='word_1_142' title='bbox 1748 1438 1835 1479; x_wconf 70' lang='lat' dir='ltr'>sali-</span> 
     </span>
     <span class='ocr_line' id='line_1_20' title="bbox 565 1500 1836 1555; baseline 0.002 -13"><span class='ocrx_word' id='word_1_143' title='bbox 565 1513 637 1542; x_wconf 79' lang='lat' dir='ltr'>nae</span> <span class='ocrx_word' id='word_1_144' title='bbox 658 1532 669 1552; x_wconf 86' lang='lat'>‚</span> <span class='ocrx_word' id='word_1_145' title='bbox 725 1501 960 1554; x_wconf 76' lang='lat' dir='ltr'>gnmrnosae</span> <span class='ocrx_word' id='word_1_146' title='bbox 993 1511 1033 1541; x_wconf 88' lang='lat' dir='ltr'>et</span> <span class='ocrx_word' id='word_1_147' title='bbox 1066 1501 1256 1542; x_wconf 80' lang='lat' dir='ltr'>resinosae</span> <span class='ocrx_word' id='word_1_148' title='bbox 1290 1500 1624 1542; x_wconf 71' lang='lat' dir='ltr'>intermiscentur.</span> <span class='ocrx_word' id='word_1_149' title='bbox 1672 1546 1677 1555; x_wconf 28' lang='grc' dir='ltr'>ι</span> <span class='ocrx_word' id='word_1_150' title='bbox 1724 1503 1836 1545; x_wconf 84' lang='lat' dir='ltr'>Aro-</span> 
     </span>
     <span class='ocr_line' id='line_1_21' title="bbox 569 1559 1835 1623; baseline 0.001 -17"><span class='ocrx_word' id='word_1_151' title='bbox 569 1565 716 1606; x_wconf 80' lang='lat' dir='ltr'>matica</span> <span class='ocrx_word' id='word_1_152' title='bbox 749 1565 843 1605; x_wconf 89' lang='lat' dir='ltr'>hinc</span> <span class='ocrx_word' id='word_1_153' title='bbox 875 1565 968 1620; x_wconf 80' lang='lat' dir='ltr'>ipfis</span> <span class='ocrx_word' id='word_1_154' title='bbox 1003 1567 1205 1620; x_wconf 87' lang='lat' dir='ltr'>competit</span> <span class='ocrx_word' id='word_1_155' title='bbox 1240 1566 1466 1622; x_wconf 77' lang='lat' dir='ltr'>proprietas</span> <span class='ocrx_word' id='word_1_156' title='bbox 1489 1559 1627 1623; x_wconf 85' lang='lat' dir='ltr'>, non</span> <span class='ocrx_word' id='word_1_157' title='bbox 1675 1575 1835 1607; x_wconf 81' lang='lat' dir='ltr'>tantum</span> 
     </span>
     <span class='ocr_line' id='line_1_22' title="bbox 568 1627 1837 1682; baseline 0.002 -12"><span class='ocrx_word' id='word_1_158' title='bbox 568 1632 611 1672; x_wconf 85' lang='lat' dir='ltr'>in</span> <span class='ocrx_word' id='word_1_159' title='bbox 645 1629 799 1682; x_wconf 85' lang='lat' dir='ltr'>primas</span> <span class='ocrx_word' id='word_1_160' title='bbox 834 1630 916 1670; x_wconf 81' lang='lat' dir='ltr'>vias</span> <span class='ocrx_word' id='word_1_161' title='bbox 950 1641 1067 1681; x_wconf 78' lang='lat' dir='ltr'>agens</span> <span class='ocrx_word' id='word_1_162' title='bbox 1091 1662 1101 1681; x_wconf 88' lang='lat'>‚</span> <span class='ocrx_word' id='word_1_163' title='bbox 1153 1630 1213 1671; x_wconf 87' lang='lat' dir='ltr'>scd</span> <span class='ocrx_word' id='word_1_164' title='bbox 1249 1631 1443 1670; x_wconf 81' lang='lat' dir='ltr'>humores</span> <span class='ocrx_word' id='word_1_165' title='bbox 1477 1627 1638 1671; x_wconf 75' lang='lat' dir='ltr'>soluens.</span> <span class='ocrx_word' id='word_1_166' title='bbox 1740 1631 1837 1672; x_wconf 78' lang='lat' dir='ltr'>inde</span> 
     </span>
     <span class='ocr_line' id='line_1_23' title="bbox 567 1693 1835 1748; baseline 0.001 -14"><span class='ocrx_word' id='word_1_167' title='bbox 567 1695 856 1736; x_wconf 76' lang='lat' dir='ltr'>carminatiuae</span> <span class='ocrx_word' id='word_1_168' title='bbox 890 1695 980 1736; x_wconf 89' lang='lat' dir='ltr'>sunt</span> <span class='ocrx_word' id='word_1_169' title='bbox 1002 1725 1012 1745; x_wconf 85' lang='lat'>‚</span> <span class='ocrx_word' id='word_1_170' title='bbox 1048 1693 1417 1748; x_wconf 72' lang='lat' dir='ltr'>alexipharmacae,</span> <span class='ocrx_word' id='word_1_171' title='bbox 1451 1694 1670 1746; x_wconf 76' lang='lat' dir='ltr'>febrifugae.</span> <span class='ocrx_word' id='word_1_172' title='bbox 1739 1694 1835 1736; x_wconf 83' lang='lat' dir='ltr'>Inde</span> 
     </span>
     <span class='ocr_line' id='line_1_24' title="bbox 570 1758 1837 1816; baseline 0.002 -19"><span class='ocrx_word' id='word_1_173' title='bbox 570 1769 886 1811; x_wconf 79' lang='lat' dir='ltr'>emmenagogae</span> <span class='ocrx_word' id='word_1_174' title='bbox 909 1791 920 1811; x_wconf 88' lang='lat'>,</span> <span class='ocrx_word' id='word_1_175' title='bbox 953 1758 1274 1814; x_wconf 43' lang='lat' dir='ltr'>diaphorcticacj</span> <span class='ocrx_word' id='word_1_176' title='bbox 1306 1758 1548 1816; x_wconf 46' lang='lat' dir='ltr'>dinrctic&#39;ae4</span> <span class='ocrx_word' id='word_1_177' title='bbox 1598 1759 1694 1800; x_wconf 86' lang='lat' dir='ltr'>Inde</span> <span class='ocrx_word' id='word_1_178' title='bbox 1713 1771 1837 1802; x_wconf 64' lang='lat' dir='ltr'>venc-</span> 
     </span>
     <span class='ocr_line' id='line_1_25' title="bbox 571 1821 1835 1875; baseline 0.002 -13"><span class='ocrx_word' id='word_1_179' title='bbox 571 1821 792 1864; x_wconf 73' lang='lat' dir='ltr'>natiffimae</span> <span class='ocrx_word' id='word_1_180' title='bbox 823 1825 929 1865; x_wconf 87' lang='lat' dir='ltr'>inter</span> <span class='ocrx_word' id='word_1_181' title='bbox 962 1835 1024 1864; x_wconf 83' lang='lat' dir='ltr'>eas</span> <span class='ocrx_word' id='word_1_182' title='bbox 1059 1825 1214 1865; x_wconf 86' lang='lat' dir='ltr'>dantur.</span> <span class='ocrx_word' id='word_1_183' title='bbox 1283 1823 1444 1866; x_wconf 81' lang='lat' dir='ltr'>Venena</span> <span class='ocrx_word' id='word_1_184' title='bbox 1473 1823 1583 1863; x_wconf 79' lang='lat' dir='ltr'>enim</span> <span class='ocrx_word' id='word_1_185' title='bbox 1619 1824 1730 1875; x_wconf 85' lang='lat' dir='ltr'>sunt,</span> <span class='ocrx_word' id='word_1_186' title='bbox 1764 1823 1835 1864; x_wconf 84' lang='lat' dir='ltr'>nifi</span> 
     </span>
     <span class='ocr_line' id='line_1_26' title="bbox 570 1879 1837 1944; baseline 0.001 -17"><span class='ocrx_word' id='word_1_187' title='bbox 570 1888 862 1929; x_wconf 82' lang='lat' dir='ltr'>medicamenta</span> <span class='ocrx_word' id='word_1_188' title='bbox 897 1887 1038 1931; x_wconf 84' lang='lat' dir='ltr'>nimia.</span> <span class='ocrx_word' id='word_1_189' title='bbox 1139 1889 1178 1928; x_wconf 90' lang='lat' dir='ltr'><strong>T</strong></span> <span class='ocrx_word' id='word_1_190' title='bbox 1180 1879 1563 1944; x_wconf 71' lang='lat' dir='ltr'>enendumq&#39;ue‘hoc</span> <span class='ocrx_word' id='word_1_191' title='bbox 1598 1889 1650 1929; x_wconf 84' lang='lat' dir='ltr'>cst</span> <span class='ocrx_word' id='word_1_192' title='bbox 1674 1920 1684 1940; x_wconf 87' lang='lat'>‚</span> <span class='ocrx_word' id='word_1_193' title='bbox 1738 1885 1837 1928; x_wconf 50' lang='lat' dir='ltr'>vm-</span> 
     </span>
     <span class='ocr_line' id='line_1_27' title="bbox 570 1950 1837 2007; baseline 0.001 -16"><span class='ocrx_word' id='word_1_194' title='bbox 570 1950 797 2005; x_wconf 77' lang='lat' dir='ltr'>bcllif&#39;cras‚</span> <span class='ocrx_word' id='word_1_195' title='bbox 854 1953 900 1993; x_wconf 83' lang='lat' dir='ltr'>ad</span> <span class='ocrx_word' id='word_1_196' title='bbox 950 1965 1068 2007; x_wconf 85' lang='lat' dir='ltr'>aquas</span> <span class='ocrx_word' id='word_1_197' title='bbox 1119 1954 1364 2007; x_wconf 84' lang='lat' dir='ltr'>crescentes,</span> <span class='ocrx_word' id='word_1_198' title='bbox 1409 1963 1506 2006; x_wconf 57' lang='lat' dir='ltr'>,prae</span> <span class='ocrx_word' id='word_1_199' title='bbox 1555 1952 1695 1993; x_wconf 80' lang='lat' dir='ltr'>ceteris</span> <span class='ocrx_word' id='word_1_200' title='bbox 1748 1952 1837 2007; x_wconf 86' lang='lat' dir='ltr'>ple-</span> 
     </span>
    </p>
   </div>
   <div class='ocr_carea' id='block_1_4' title="bbox 572 2014 1837 2134">
    <p class='ocr_par' dir='ltr' id='par_1_4' title="bbox 572 2014 1837 2134">
     <span class='ocr_line' id='line_1_28' title="bbox 573 2014 1837 2074; baseline 0.003 -20"><span class='ocrx_word' id='word_1_201' title='bbox 573 2026 749 2068; x_wconf 86' lang='lat' dir='ltr'>rumque</span> <span class='ocrx_word' id='word_1_202' title='bbox 802 2016 993 2074; x_wconf 63' lang='lat' dir='ltr'>suspeetas</span> <span class='ocrx_word' id='word_1_203' title='bbox 1044 2016 1147 2072; x_wconf 78' lang='lat' dir='ltr'>effe,</span> <span class='ocrx_word' id='word_1_204' title='bbox 1200 2016 1309 2073; x_wconf 79' lang='lat' dir='ltr'>quasi</span> <span class='ocrx_word' id='word_1_205' title='bbox 1364 2014 1528 2059; x_wconf 83' lang='lat' dir='ltr'>effluuia</span> <span class='ocrx_word' id='word_1_206' title='bbox 1576 2016 1687 2062; x_wconf 82' lang='lat' dir='ltr'>illius</span> <span class='ocrx_word' id='word_1_207' title='bbox 1744 2016 1837 2058; x_wconf 67' lang='lat' dir='ltr'>vim</span> 
     </span>
     <span class='ocr_line' id='line_1_29' title="bbox 572 2088 775 2134; baseline 0.015 -16"><span class='ocrx_word' id='word_1_208' title='bbox 572 2088 775 2134; x_wconf 75' lang='lat' dir='ltr'>augerent.</span> 
     </span>
    </p>
   </div>
   <div class='ocr_carea' id='block_1_5' title="bbox 1720 2171 1831 2213">
    <p class='ocr_par' dir='ltr' id='par_1_5' title="bbox 1720 2171 1831 2213">
     <span class='ocr_line' id='line_1_30' title="bbox 1720 2171 1831 2213; baseline 0.036 -3"><span class='ocrx_word' id='word_1_209' title='bbox 1720 2171 1831 2213; x_wconf 74' lang='lat' dir='ltr'>Com·</span> 
     </span>
    </p>
   </div>
  </div>
 </body>
</html>
