2008 2735
559 183 586 221 3
595 184 618 220 3
629 186 651 210 z
782 163 1047 209 EXAMEN
1077 163 1292 209 THEOR.
1325 161 1504 211 MAGN
1511 166 1600 209 ΕΤ.

557 295 737 327 errorem
762 312 773 332 ‚
812 281 853 321 in
888 279 967 322 situ
1001 282 1222 334 magnetici
1255 283 1382 326 centri
1417 280 1491 326 hac
1527 277 1723 324 methodo
1753 282 1822 327 de-

557 349 808 388 terminando
831 376 842 396 ‚
877 346 918 386 in
953 346 1042 387 latis
1076 347 1259 401 angustos
1292 348 1448 391 limites
1481 347 1666 389 coercere
1690 375 1703 397 ,
1736 348 1820 389 fiu-

554 413 629 454 ssra
660 415 852 466 lperatur.

701 515 799 558 Non
836 514 1003 558 difficile
1035 516 1090 558 est
1112 546 1124 566 ‚
1164 518 1270 558 vnde
1304 517 1506 559 lubricitas
1539 514 1636 558 haec
1677 524 1822 558 ortum

549 580 684 622 trahat
705 613 715 631 ‚
752 586 985 636 peripntere.
1079 580 1122 623 Si
1158 595 1304 637 nempe
1337 594 1524 624 centrum
1558 593 1696 633 virgae
1733 594 1821 621 ma-

546 647 729 697 gneticae
763 648 810 686 ad
846 645 880 687 B
920 646 1213 700 aperiundum
1249 647 1320 698 fit,
1355 649 1424 702 qui
1457 658 1621 688 naturae
1656 646 1821 686 consue-

547 711 704 753 tudiies
737 710 885 761 callet,
917 711 1027 751 facile
1067 712 1324 767 suspicabitur
1346 743 1357 762 ‚
1379 712 1711 767 ‚magnetismum
1747 712 1819 750 bo-

545 776 696 815 nalem
748 789 826 816 non
880 776 1009 816 subito
1055 787 1095 817 ct
1148 790 1218 832 per
1264 777 1407 818 saltum
1465 778 1505 816 in
1555 775 1632 816 hoc
1667 774 1821 828 puuc'to

546 839 713 881 transire
747 838 850 893 posse
887 842 926 880 in
966 843 1288 893 magnetismum
1342 839 1566 881 aullrzilcm.
1668 838 1820 879 Secun-

544 907 645 944 dum
705 904 837 955 le5cm
889 906 1070 945 continui
1127 908 1294 960 potius,
1341 918 1464 959 quam
1511 916 1649 944 natura
1683 916 1819 945 amare

546 968 768 1008 constanter
803 967 1115 1020 deprehenditur
1139 1001 1150 1021 ,
1202 971 1309 1011 lente
1351 971 1542 1012 decrescet
1598 970 1818 1019 magnetis-

545 1042 640 1070 mus
674 1030 840 1069 borealis
864 1061 877 1080 ‚
913 1033 1139 1084 vsqucdum
1175 1046 1318 1072 omues
1352 1037 1497 1083 gradus
1531 1033 1688 1074 infinite
1726 1047 1820 1086 par·

543 1106 618 1134 vos
653 1096 922 1146 percurrendo
961 1095 1122 1135 tandem
1156 1096 1201 1134 ad
1238 1093 1271 1135 B
1305 1098 1463 1147 penitus
1494 1101 1694 1135 euaneicat
1717 1126 1726 1143 ,
1775 1105 1816 1136 et

542 1159 585 1199 in
623 1160 878 1198 contrarium
913 1159 1122 1199 australem
1181 1160 1497 1212 magne-nimium
1552 1158 1693 1207 abeat,
1742 1160 1812 1211 qui

542 1223 682 1262 rursus
714 1234 856 1261 omncs
895 1225 1039 1272 gradus
1092 1221 1252 1264 infinite
1308 1236 1450 1274 paruos
1504 1222 1813 1272 pertranseundo

540 1287 586 1325 ad
625 1287 765 1325 datum
802 1290 1028 1326 terminum
1067 1286 1276 1326 increscere
1313 1286 1437 1325 debet.
1510 1285 1642 1324 facile
1677 1285 1810 1336 itaque

537 1351 766 1402 concipitur
788 1380 802 1399 ,
842 1352 1034 1403 vtriuque
1077 1363 1096 1389 a
1133 1350 1283 1404 puncto
1318 1348 1376 1399 B,
1407 1348 1453 1388 ad
1490 1348 1576 1387 satis
1612 1358 1809 1399 magnum

536 1414 712 1467 spatium
752 1424 836 1454 tam
871 1413 1043 1455 debilem
1079 1413 1153 1454 esse
1187 1413 1329 1455 debere
1365 1413 1681 1464 magnetismum
1719 1414 1808 1454 vir-

536 1490 608 1530 gae
631 1513 643 1531 ‚
678 1488 724 1518 vt
760 1479 833 1519 vix
867 1491 910 1518 ac
944 1491 992 1518 ne
1030 1478 1098 1520 vix
1135 1478 1296 1531 quidem
1321 1508 1334 1527 ‚
1362 1476 1539 1531 aliquem
1564 1509 1576 1528 ‚
1615 1478 1687 1532 qui
1720 1478 1807 1520 sen·

537 1544 610 1584 tiri
645 1553 765 1598 queat
790 1574 801 1595 ,
833 1544 873 1582 in
909 1555 1028 1583 acum
1062 1544 1175 1585 edere
1208 1542 1396 1584 effectum
1428 1540 1572 1582 valeat.

683 1645 833 1701 Quodsi
872 1646 952 1686 iam
986 1644 1135 1698 placeat
1169 1657 1255 1688 eam
1280 1676 1292 1697 ‚
1324 1657 1447 1700 quam
1482 1656 1560 1696 ego
1593 1644 1803 1696 indicaui,

533 1725 610 1766 pro
647 1711 896 1764 explorando
939 1712 1156 1762 magnetici
1209 1712 1335 1752 centri
1390 1710 1499 1759 situ,
1553 1709 1799 1752 methodum

531 1775 713 1817 adhibere
733 1808 744 1827 ,
779 1789 857 1816 nou
891 1775 1036 1816 dubito
1068 1774 1411 1831 deprehensurum
1447 1775 1658 1828 qutmuis,
1689 1776 1799 1829 quod

529 1852 637 1892 ego,
692 1844 733 1882 in
787 1840 1038 1892 magnetibus
1087 1842 1335 1882 naturalibus
1368 1852 1468 1896 quos
1505 1837 1692 1879 haetenus
1726 1852 1797 1880 cx-

530 1905 691 1958 ploraui
715 1936 726 1954 ‚
760 1907 920 1959 reperi:
953 1905 1149 1948 rarissime
1180 1906 1357 1960 aliquem
1381 1937 1394 1957 ‚
1438 1902 1507 1944 etsi
1544 1904 1796 1958 parallelipi-

529 1969 628 2022 pcda
676 1969 806 2021 figura
860 1972 1088 2024 praeditum
1145 1970 1352 2018 inueniri,
1405 1968 1562 2021 inquo
1595 1968 1792 2010 Celeberr.

529 2030 689 2082 Mayeri
722 2034 855 2085 regula
895 2033 1032 2076 locum
1070 2035 1243 2077 haberet.
1338 2032 1580 2087 Superficies
1613 2045 1758 2085 nempe
1781 2062 1794 2083 ,

527 2107 687 2153 partem
721 2097 924 2141 borealem
957 2103 1004 2144 ab
1037 2101 1197 2144 australi
1229 2099 1506 2144 discriminans
1528 2127 1540 2149 ,
1574 2098 1651 2140 sere
1685 2109 1791 2136 nun-

1665 2172 1790 2215 quam
