2008 2735
541 185 638 234 434
748 201 751 205 .
829 167 928 212 DE
996 170 1554 218 FORMATIONE

538 285 697 327 credere
733 283 869 339 poffeS.
941 284 1076 326 Huius
1107 289 1217 328 enim
1252 291 1408 341 generis
1445 291 1634 332 materiae
1666 295 1803 335 omnia

538 352 580 391 in
615 351 704 391 ouis
737 349 930 391 incubatis
966 351 1081 404 plena
1117 352 1216 393 sunt.
1285 354 1520 410 Malpighitts
1543 358 1679 408 enim,
1711 357 1805 400 licet

534 415 842 470 phaenomena,
893 416 1104 469 quomodo
1140 430 1389 471 appareant,
1445 422 1694 472 negligenter
1738 425 1805 462 de-

534 479 762 532 scripserit,
796 480 1025 534 saepiusque
1059 479 1147 522 false
1182 492 1222 522 et
1257 485 1390 538 inepte
1426 486 1640 538 pinxerit,
1676 487 1802 527 mini-

533 555 680 598 meque
711 544 849 597 recte,
883 546 980 598 quid
1015 557 1059 585 ea
1082 577 1093 597 ,
1120 557 1219 600 quae
1253 560 1446 601 apparent
1471 581 1481 600 ‚
1528 549 1805 603 phaenomena

533 620 628 648 vere
664 608 740 649 sint
763 639 774 659 ,
818 608 1067 651 intellexerit
1089 642 1100 662 ,
1149 622 1291 651 omnes
1323 621 1457 654 tamen
1494 618 1662 666 angulos
1697 615 1803 668 quasi

531 673 633 713 adeo
668 675 916 727 perreptauit
939 704 951 725 ,
996 683 1042 715 vt
1079 675 1152 715 vix
1175 704 1188 727 ‚
1237 678 1346 730 quod
1383 679 1487 718 inter
1521 681 1648 732 primi
1684 690 1805 730 genc-

532 739 586 777 ris
621 738 810 779 notabilia
843 740 981 780 referri
1017 738 1174 793 posset,
1223 740 1374 795 aliquid
1410 741 1480 782 fibi
1534 756 1614 784 non
1668 744 1803 785 vitum

531 801 729 855 supersit,
779 813 820 843 et
871 804 1005 858 aliqua
1058 806 1215 845 ratione
1250 807 1484 847 indicatum.
1583 808 1701 862 Quod
1739 809 1805 848 iste

531 867 701 920 denique
736 868 935 909 intactum
972 867 1140 922 reliquit
1163 899 1174 919 ‚
1218 869 1418 912 Hallerum
1452 871 1590 923 fugere
1624 873 1698 912 vix
1732 884 1806 924 po-

532 933 626 971 tuit.
726 932 824 973 Inde
864 934 954 973 dico
976 963 988 983 ‚
1039 932 1154 985 plane
1196 947 1276 974 non
1310 936 1393 976 vila
1430 936 1612 976 inuenire
1643 935 1807 977 difficile

533 992 654 1033 hodie
688 995 854 1046 quidem
888 996 949 1036 est.
1016 996 1081 1035 Ad
1113 996 1428 1048 explicationem
1466 1012 1566 1039 vero
1601 999 1696 1041 haec
1724 1001 1808 1041 duo

534 1067 742 1097 momenta
794 1058 951 1108 refer03
1004 1070 1236 1111 exponere,
1287 1063 1497 1113 quomodo
1545 1075 1640 1102 vere
1672 1066 1707 1104 se
1743 1075 1805 1104 res

533 1120 701 1172 habeat,
739 1134 818 1162 non
850 1123 1060 1174 quomodo
1093 1132 1302 1175 appareat,
1335 1134 1373 1164 ct
1406 1124 1502 1177 quid
1538 1137 1630 1164 vere
1649 1128 1808 1176 existat,

533 1187 638 1226 vnde
674 1185 751 1225 tale
801 1183 1108 1238 phaenomenon
1161 1187 1356 1237 resultat3
1410 1188 1550 1227 deinde
1602 1190 1806 1240 indicare,

532 1250 742 1288 cuiusnam
780 1248 903 1302 partis
940 1249 1218 1302 primordium
1263 1249 1340 1290 tale
1383 1250 1691 1303 phaenomcnon
1742 1252 1802 1292 s1t.

533 1313 621 1353 Hoc
657 1321 796 1352 autem
831 1312 927 1353 adeo
961 1311 1105 1352 multis
1139 1323 1178 1352 et
1211 1312 1336 1353 variis
1384 1312 1683 1355 difficultatibus
1737 1316 1805 1357 sti·

532 1387 650 1432 patur
672 1407 684 1428 ‚
719 1386 765 1418 vt
798 1375 906 1418 nihil
940 1389 1058 1432 quam
1091 1389 1225 1418 errare
1255 1379 1297 1419 in
1330 1389 1375 1418 ea
1409 1390 1452 1419 re
1487 1377 1640 1420 facilius
1674 1379 1738 1421 fit.

310 1504 421 1542 Bulla,
449 1506 481 1539 in
683 1505 716 1556 §.
754 1509 828 1552 36.
877 1505 1158 1549 Membranam
1192 1507 1442 1562 superiorem
1477 1519 1586 1548 areae
1621 1507 1803 1550 vasculo·

311 1555 507 1640 ffigssdcaepseg‘.
529 1569 589 1609 sae
640 1570 703 1610 die
757 1570 880 1610 tertio
936 1571 1041 1612 resta
1076 1585 1148 1626 per
1182 1571 1361 1614 areolam
1395 1571 1640 1625 pellucidam
1675 1585 1802 1626 quam

310 1654 508 1701 perficiem-
528 1633 736 1675 constituit
758 1666 768 1685 ,
812 1634 918 1675 reeta
952 1648 1116 1691 quoque
1149 1637 1265 1690 super
1301 1635 1441 1678 locum
1463 1669 1473 1687 ,
1525 1637 1594 1678 vbi
1629 1638 1801 1688 embryo

309 1706 422 1740 feriori
451 1720 508 1754 ap-
531 1697 674 1739 residet
709 1699 842 1752 ipsum
866 1730 877 1750 ‚
931 1712 1041 1742 arcae
1077 1701 1296 1744 vasculos-ae
1331 1711 1514 1743 centrum
1537 1733 1547 1753 ‚
1603 1701 1769 1742 transire
1794 1731 1805 1752 ,

306 1768 428 1813 1³³1·er
454 1757 509 1793 seu
532 1775 734 1817 vnamque
770 1775 814 1804 ea
848 1765 1005 1807 ratione
1040 1766 1249 1821 aequalem
1286 1767 1412 1808 totius
1468 1778 1579 1807 areae
1631 1764 1800 1820 superfi-

308 1819 455 1893 ssnffl'ffil‘g
528 1828 668 1879 ciem,
716 1828 859 1870 leuiter
892 1842 1149 1884 conuexam,
1198 1831 1390 1883 efficere,
1442 1831 1483 1871 in
1530 1831 1800 1885 superioribus

308 1871 364 1951 ἦρέ,
394 1919 479 1957 25
528 1892 627 1933 dixi.
664 1892 800 1934 Aliter
833 1906 1116 1948 comparatum
1151 1897 1206 1937 est
1240 1909 1336 1937 cum
1371 1895 1576 1948 superficie
1611 1895 1799 1936 areaein-

311 1960 344 1993 6.
372 1971 404 2007 7.
531 1957 670 1997 feriori
706 1957 768 1998 seu
801 1959 1020 2012 interiori,
1061 1974 1162 2016 quae
1196 1973 1215 2001 a
1252 1960 1482 2002 membrana
1512 1961 1693 2001 eiusdem
1731 1959 1798 1999 in-

531 2020 667 2061 teriori
703 2021 926 2065 exhibetur.
1026 2026 1086 2066 Ea
1137 2028 1402 2074 membrana,
1451 2025 1551 2065 dum
1605 2037 1656 2065 ex
1709 2036 1798 2064 arca

530 2085 728 2128 vasculoffi
762 2089 1078 2145 circumquaque
1112 2093 1247 2132 versus
1280 2091 1547 2142 embryonem
1580 2089 1764 2144 procedit
1785 2117 1798 2136 ‚

1754 2162 1795 2189 in
