2008 2735
345 198 661 242 MARIAE
721 197 1218 241 RVTHENICA.
1324 203 1413 251 563

150 313 367 357 reflectunt.
465 309 587 366 Quod
640 307 843 361 chrystalli
881 321 1041 363 quoque
1078 321 1171 349 cum
1208 310 1332 361 glacie
1366 312 1419 352 fi-

150 378 236 420 mul
287 373 634 427 deprehendantur
688 374 922 414 commistae
958 404 969 424 ‚
1023 374 1250 426 analogiam
1305 377 1413 415 modi

153 444 312 484 testatur
333 469 343 487 ‚
374 451 458 493 quo
492 449 657 494 Vtraque
693 439 871 493 generari
907 439 1133 489 videntur,
1170 451 1248 478 uon
1281 440 1419 480 diuer-

145 507 182 548 fit
219 507 264 546 ab
297 503 368 544 illo
404 516 666 556 gemmarum
718 513 760 543 et
814 503 1007 544 fluorum.
1108 504 1196 544 Hoc
1245 513 1383 545 autem
1406 535 1417 555 ,

148 570 254 625 quod
284 581 455 622 corpora
489 568 569 610 luci
602 570 755 610 obieeta
787 570 1074 620 cognoscamus
1121 580 1193 622 per
1243 570 1415 620 glaciem

150 634 302 675 Mariae
324 664 336 684 ‚
368 633 471 675 secus
502 646 546 674 ac
580 646 623 675 ea
645 665 656 686 ,
706 646 805 688 quae
836 634 1071 673 immediate
1105 645 1127 672 a
1163 633 1282 673 radiis
1317 634 1416 675 lucis

146 697 370 738 collustrari
407 709 645 753 nequeunt,
698 698 786 739 iaris
819 699 1014 751 superque
1064 698 1232 737 ostendit
1254 728 1265 748 ‚
1318 710 1417 751 per-

146 763 397 816 spicuitatem
435 775 456 803 a
490 764 568 804 sola
604 764 802 804 tenuitate
838 764 1021 816 partium
1057 762 1190 812 oriri,
1239 762 1417 815 adeoque

147 839 244 868 cum
266 858 277 878 ‚
330 835 377 866 vt
409 828 449 867 in
482 829 592 869 vitro
623 829 876 881 gemmisque
899 857 911 877 ,
960 825 1065 866 haud
1100 828 1300 879 reciproca
1336 826 1417 878 fit,

146 891 222 932 effe
256 892 384 943 magis
422 891 612 945 paffiuam
635 923 647 944 ‚
678 905 800 947 quam
837 891 1014 932 affluam
1038 923 1049 942 ‚
1096 891 1262 944 indeque
1294 889 1381 931 fieri
1405 923 1419 943 ,

146 955 255 1010 quod
291 955 411 995 nostu
449 970 528 997 non
550 957 779 1007 scintillet,
815 958 942 1010 neque
976 955 1121 1007 glacies
1155 957 1200 996 ad
1237 956 1417 997 fenestras

147 1019 418 1061 caldariorum
467 1022 699 1072 conducat,
742 1018 834 1062 solis
881 1021 1051 1072 quidem
1109 1019 1248 1059 lumen
1285 1029 1416 1060 trans·

149 1085 316 1124 mittens
337 1113 349 1134 ,
384 1083 444 1122 scd
476 1097 547 1124 nec
584 1084 790 1125 reflectens
810 1113 822 1131 ‚
854 1095 923 1124 nce
956 1084 1168 1123 sustentans
1191 1113 1202 1131 ,
1242 1083 1416 1137 adeoque

146 1146 321 1188 calorem
357 1145 464 1186 haud
501 1160 673 1198 augens,
706 1146 905 1202 aptiffima
938 1148 1105 1201 proinde
1137 1147 1286 1188 aestiuo
1309 1158 1416 1189 tem-

147 1223 248 1267 pore
278 1209 325 1249 ad
358 1209 576 1260 frigidaria.

300 1335 562 1377 Witimenfis
593 1347 694 1389 ergo
728 1336 881 1379 Mariae
914 1336 1057 1390 glacies
1090 1349 1133 1378 ea
1168 1337 1221 1377 est
1243 1367 1256 1387 ‚
1311 1337 1418 1378 vnde

147 1401 331 1442 max⁷ma
363 1411 404 1441 et
437 1402 596 1455 optima
633 1401 744 1442 illius
777 1403 891 1457 copia
928 1404 968 1443 in
1003 1403 1180 1455 imperio
1214 1401 1419 1442 Rutheni-

151 1477 200 1504 co
251 1465 454 1516 habctur,
504 1479 527 1506 e
577 1478 660 1519 quo
716 1468 754 1506 iu
789 1478 932 1508 omnes
963 1466 1150 1520 Europae
1186 1467 1419 1507 Prouincias

150 1531 392 1572 transfertur.
465 1530 584 1571 Petro
614 1531 750 1572 Goiero
782 1541 822 1572 et
856 1531 1016 1576 Kaifero
1050 1532 1090 1571 in
1125 1532 1194 1571 der
1229 1530 1418 1573 Chiuesi-

147 1592 260 1634 scheu
292 1594 581 1637 Gesandschafft
615 1596 878 1648 tradentibus,
913 1595 1074 1636 finensis
1107 1607 1267 1650 quoque
1287 1595 1417 1647 origi-

149 1659 210 1698 nis
244 1660 305 1702 est,
375 1660 487 1715 Quae
522 1661 568 1701 ad
604 1662 826 1711 Kireugam
850 1691 860 1709 ,
916 1661 962 1702 ad
998 1659 1240 1702 Werchniia
1276 1663 1419 1712 Auga-

151 1734 238 1762 ram
268 1756 279 1775 ‚
314 1725 355 1764 in
392 1725 595 1765 montibus
629 1725 799 1766 Aralicis
834 1734 874 1766 et
907 1727 1010 1766 circa
1045 1723 1275 1777 Archangcl
1322 1736 1419 1776 pro-

152 1787 264 1825 venit
288 1817 299 1836 ‚
349 1801 390 1828 ea
426 1800 467 1830 et
502 1790 615 1841 copia
649 1789 780 1832 differt
815 1799 855 1829 et
896 1791 1083 1833 bonitate.
1185 1790 1418 1831 Immatura

152 1859 311 1892 tantum
361 1853 447 1904 est,
498 1866 620 1908 quam
671 1853 890 1897 Germania
941 1854 1137 1906 exhibet,
1185 1863 1225 1895 et
1259 1865 1304 1892 ea
1338 1851 1418 1906 ipsa

150 1914 256 1954 circa
311 1915 506 1959 Kasanum
560 1931 658 1960 curn
719 1917 914 1972 iulphure
968 1921 1156 1972 virgineo
1221 1913 1418 1968 diaphana

150 1980 376 2020 commixta
410 1981 725 2035 deprehenditur
748 2015 759 2034 ‚
791 1993 897 2024 terra
935 1984 1151 2035 pinguiore
1178 2012 1188 2031 ,
1222 1980 1419 2034 recipien-

150 2043 204 2084 do
237 2044 348 2085 acido
379 2047 533 2098 aptiore
555 2078 566 2099 ,
600 2049 641 2088 in
674 2046 909 2101 sulphurem
946 2047 1227 2089 concrescente.

720 2169 882 2215 Bbbb
919 2185 942 2211 ει
1318 2171 1420 2214 Vsus
