2008 2735
377 206 1204 250 INTESTINORVM.
1314 217 1406 258 497

140 337 230 368 ram
281 336 330 366 eo
379 322 510 373 magis
561 319 784 370 imitatur,
834 326 876 358 et
909 330 1119 372 nunquam
1156 319 1409 370 magis'am-

140 394 258 432 nium
291 397 436 430 verum
457 416 470 435 ‚
502 396 628 438 quam
663 383 739 425 hoc
775 393 980 438 tempore,
1014 385 1218 424 mentitur
1241 414 1253 434 ‚
1287 394 1412 438 vtpo-

142 467 181 497 te
213 466 312 510 quae
345 461 466 505 aeque
497 463 542 490 ac
574 448 674 490 illud
712 450 896 501 margine
938 448 1083 490 dorlali
1136 461 1323 491 connexo
1371 460 1412 490 et

141 518 314 561 ventrali
346 526 525 560 concauo
556 524 598 555 et
634 513 788 556 inflexo
835 515 982 566 gaudet
1003 545 1013 564 ‚
1068 523 1109 554 et
1145 515 1412 555 renitor-mem

138 586 218 628 fere
251 583 427 635 figuram
465 592 560 634 prae
594 581 631 620 se
665 581 754 621 fert.
820 579 1011 634 Denique
1045 579 1154 621 bulla
1189 577 1267 619 hoc
1306 590 1415 619 tem-

139 660 268 704 pore,
313 646 410 687 licet
461 647 597 686 minus
646 655 688 685 et
740 643 912 699 pulchra
960 644 1040 695 sit,
1108 655 1149 685 et
1199 643 1414 695 singularis

136 713 323 766 aspestu3
376 721 513 752 tamen
559 723 644 763 quo
676 711 848 764 propior
880 709 935 750 est
971 708 1170 763 plenariae
1204 709 1288 749 suae
1321 720 1417 750 eua-

137 778 354 820 nescentiae
376 807 389 827 ‚
422 788 471 816 eo
505 775 719 828 perfeetior
750 776 806 816 est
839 773 917 816 hoc
951 773 1085 814 saltim
1119 774 1299 828 respeetu
1321 805 1333 823 ‚
1368 783 1416 814 vt

137 841 384 895 completam
417 839 497 880 fere
531 849 571 880 et
605 839 809 891 integram
846 839 1017 880 veficam
1051 840 1207 879 referat.
1275 838 1416 878 Mem-

138 908 257 950 brana
290 905 404 945 enim
438 915 551 944 areae
587 903 754 945 inferior
788 903 905 956 super
951 903 1143 944 amnium
1196 903 1415 958 proprium

139 971 374 1022 embryonis
406 969 486 1009 sere
521 979 657 1009 totum
713 968 885 1018 transit,
936 968 1111 1020 indeque
1161 969 1210 1008 ad
1260 967 1415 1007 bullam

136 1035 391 1077 formandam
425 1031 684 1081 reflectitum
720 1032 826 1072 vnde
857 1030 982 1070 etiam
1021 1029 1094 1080 fit,
1129 1040 1177 1070 vt
1212 1040 1323 1069 totus
1357 1030 1417 1069 st:-

139 1111 182 1140 re
216 1098 389 1148 embryo
424 1094 504 1135 hoc
538 1104 727 1151 tempore
758 1095 804 1137 in
837 1094 1001 1148 integro
1034 1093 1180 1137 vitello
1218 1094 1288 1136 sub
1325 1093 1417 1148 pla-

137 1174 192 1204 no
224 1173 335 1204 areae
366 1159 581 1205 delitescat.
696 1162 698 1165 ’

290 1289 321 1340 §.
362 1299 465 1336 113.
507 1286 681 1328 Interim
718 1299 818 1329 vero
846 1287 951 1329 dum
986 1286 1064 1328 hae
1094 1287 1344 1329 mutationes
1376 1287 1417 1328 in
1441 1303 1631 1337 Foueacar-

139 1353 272 1406 figura
305 1360 345 1394 et
381 1351 598 1393 fituatione
632 1351 761 1395 bullae
792 1353 1070 1405 contingunt,
1110 1352 1226 1394 fouea
1267 1353 1418 1394 cardia·
1442 1353 1553 1392 diaca,
1582 1353 1630 1388 su-

140 1430 184 1459 ca
216 1426 257 1456 et
290 1419 430 1458 sutura
464 1429 588 1472 aeque
619 1416 839 1469 insigniter.
867 1427 1094 1459 mutantur.
1180 1418 1238 1460 Et
1277 1418 1419 1471 primo
1440 1412 1513 1438 ‘ura
1536 1404 1630 1461 effo-

142 1483 304 1536 quidem
337 1481 439 1523 dum
472 1483 646 1535 embryo
678 1491 720 1523 et
751 1482 858 1524 bulla
888 1483 1149 1524 dextrorsum
1185 1493 1420 1536 vertuntur,
1440 1455 1633 1541 }{‚‘}¹³c¹g³nf{

142 1547 280 1588 sutura
313 1548 524 1590 necessario
554 1560 715 1602 quoque
746 1548 794 1589 ad
829 1547 905 1589 hoc
959 1549 1075 1590 latus.
1114 1559 1387 1602 promouetur
1409 1579 1420 1599 ,
1442 1558 1623 1594 funduntur

145 1613 385 1666 tandemque
438 1614 479 1654 in
531 1614 619 1668 ipso
667 1614 852 1666 margine
902 1614 1052 1657 dextro
1102 1612 1254 1654 inflexo
1289 1613 1419 1656 bullae
1443 1610 1475 1641 i¹¹
1504 1622 1602 1644 vnam

144 1678 291 1719 existit.
389 1676 467 1721 Sed
495 1679 638 1720 eodem
676 1688 864 1733 tempore
898 1691 920 1719 a
953 1680 1147 1721 continua
1180 1678 1419 1731 embryonIS
1441 1659 1573 1716 f⁰‘¹.⁶³¹”

145 1751 184 1781 et
216 1741 350 1783 bullae
377 1744 657 1786 contractione
678 1775 690 1795 ,
741 1745 849 1785 vnde
880 1745 998 1796 regio
1031 1742 1211 1786 foueolae
1252 1745 1414 1784 inferio·
1440 1723 1606 1796 ῗέῃῗῇἶῗ,

146 1807 202 1847 ris
234 1808 391 1858 regioni
424 1810 620 1851 cardiacae
652 1809 838 1851 maxime
888 1811 1186 1862 appropinquat
1207 1839 1218 1859 ‚
1270 1805 1415 1848 neccsse
1438 1814 1496 1845 lv.
1525 1812 1593 1847 fim-

147 1870 302 1911 iterum
351 1873 404 1914 est
424 1906 436 1927 ,
487 1884 535 1914 vt
577 1883 661 1916 tota
697 1876 829 1916 sutura
862 1872 984 1925 longe.
1017 1873 1181 1914 breuior
1215 1872 1413 1914 reddatur.
1438 1871 1520 1896 tum.

145 1935 283 1989 Atque
316 1944 477 1980 tantum
510 1952 608 1981 vere
640 1938 751 1980 valet
784 1938 881 1979 haec
918 1940 1073 1979 suturae
1091 1937 1336 1989 commistio,
1369 1947 1417 1977 vt

147 2001 224 2041 vix
258 2010 396 2056 quarta
427 2003 466 2045 ei
502 2014 661 2046 maneat
696 2016 787 2059 pars
821 2005 910 2044 suae
957 2003 1141 2057 pristinae
1189 2002 1417 2055 longitudi-

147 2066 218 2107 nis.
317 2063 532 2121 Simulque
564 2072 704 2112 eadem
739 2072 788 2111 de
816 2071 928 2110 causa
961 2070 1094 2109 sutura
1115 2099 1127 2117 ,
1160 2078 1261 2120 quae
1292 2067 1413 2108 rec'ti-

149 2128 252 2170 linea
305 2128 496 2173 haetenus
545 2134 622 2176 fuit
644 2166 655 2185 ‚
704 2133 786 2187 ipsa
837 2132 1049 2176 neceffario
1098 2143 1322 2185 curuatur3
1375 2135 1416 2174 in

213 2194 449 2238 Tom.X11.
463 2196 757 2240 Nou.Comm.
950 2199 986 2241 R
1005 2211 1025 2238 r
1045 2210 1064 2238 r
1343 2195 1418 2237 hoc
